2362 4094
424 263 516 308 curor
537 264 571 308 11.
922 247 998 340 Ι103

18 404 82 448 esse
94 387 312 468 explicandum
333 394 416 466 putat
430 389 461 449 S.
480 388 601 468 Liguor.
618 405 689 459 cum
703 387 805 448 multis
815 386 909 462 aliis¹,
926 388 999 468 quia

20 475 47 533 in
63 482 176 554 agente
192 474 287 536 multo
301 475 416 536 facilius
430 475 511 537 adest
522 475 646 555 pollutio
660 494 752 556 quam
767 476 798 535 in
810 474 954 556 patiente.

59 567 129 627 185.
154 565 278 623 Certum
287 573 335 624 est
351 562 590 642 specificandum
604 582 669 624 esse
693 565 723 625 in
745 563 937 625 confessione
957 582 996 627 an

22 650 160 712 sodomia
185 651 276 713 suerit
299 652 444 714 violenter
469 652 580 724 habita,
597 653 642 713 vel
659 653 751 715 fuerit
774 670 845 714 cum
871 669 999 732 persona

22 749 88 800 voto
104 741 250 802 castitatis
261 741 432 818 constricta,
453 740 500 802 rel
513 759 584 802 curn
598 741 769 822 coniugata.
780 741 1001 821 -Disputatur

22 845 91 888 vero
114 848 153 888 an
170 829 307 890 sodomia
331 829 410 905 inter
432 829 674 908 consanguineos
688 836 739 890 aut
766 829 871 889 affines
895 827 1000 891 induat

23 917 169 978 malitiam
192 919 324 979 incestus
341 938 348 977 z
367 918 461 978 Diana
476 918 612 980 absolute
625 926 729 998 negat:
746 919 829 998 quia,
845 925 878 979 ut
895 919 947 991 ait,
962 918 1000 979 ad

23 1004 175 1066 incestum
192 1006 355 1085 requiritur
376 1006 472 1067 coitus
487 1008 517 1066 in
540 1024 609 1066 vase
637 1006 739 1068 debito
761 1025 832 1069 cum
856 1006 1001 1066 mixtione

24 1095 203 1173 sanguinis3
228 1102 258 1155 at
268 1094 324 1154 hoe
335 1095 406 1154 satis
422 1112 483 1155 non
498 1094 615 1156 videtur
628 1094 793 1175 probabile.
808 1094 935 1166 Quidam
950 1093 1001 1155 alli

25 1181 176 1242 affirmant
190 1183 214 1243 si
230 1190 336 1262 agatur
350 1183 388 1243 de
401 1183 500 1262 primo
509 1190 539 1243 et
553 1182 688 1244 secundo
702 1182 809 1263 gradu,
825 1181 1001 1262 quiacoitus

26 1270 102 1330 iuter
117 1271 229 1350 gradus
243 1271 418 1350 hujusmodi
434 1270 613 1352 prohibetur
623 1271 691 1351 J'ure
701 1271 846 1333 naturali:
863 1288 950 1332 secus
963 1270 1001 1330 de

26 1355 90 1418 aliis
115 1359 269 1438 gradibus,
286 1360 356 1439 quia
372 1360 403 1420 in
430 1360 466 1420 iis
480 1361 577 1421 coitus
600 1359 775 1440 prohibetur
793 1365 910 1420 tanturn
934 1359 1002 1435 iure

27 1451 166 1525 positivo,
181 1449 211 1508 in
227 1447 333 1508 ordine
348 1448 385 1508 ad
411 1447 651 1510 matrimonium.
670 1448 763 1509 Adest
775 1448 899 1527 iusuper
917 1448 1003 1507 tertia

27 1540 186 1610 sententia,
196 1556 287 1616 quam
299 1539 329 1598 S.
344 1539 464 1614 Liguor.
478 1537 550 1598 dicit
562 1537 806 1616 probabiliorem,
820 1543 1003 1598 teneusom-

29 1641 98 1694 uem
120 1625 234 1687 coitum
262 1627 322 1686 sire
347 1626 525 1701 naturalem,
541 1626 601 1687 sive
623 1625 826 1686 innaturalem
841 1626 918 1686 inter
932 1643 1003 1705 pro-

29 1712 159 1792 pinquos
186 1714 366 1790 autadincs,
393 1721 460 1775 tam
483 1714 633 1775 naturales
669 1732 761 1795 quarn
790 1713 921 1794 legales,
952 1718 1003 1774 aut

29 1802 333 1878 spiritualesinduere
354 1803 496 1864 rualitiarn
516 1802 658 1876 incestus,
676 1803 748 1881 quia
764 1803 790 1862 ri
814 1802 887 1881 legis
901 1803 1002 1863 eccle-

29 1888 157 1951 siasticae
172 1889 218 1950 his
233 1892 377 1953 omnibus
395 1892 522 1952 debetur
545 1892 722 1963 reverentia,
746 1910 814 1971 quae
827 1891 1004 1969 deturpatur

29 1978 110 2040 coitu
128 1980 267 2053 naturali,
285 1988 317 2041 ut
330 1987 447 2041 certum
463 1979 602 2052 habetur,
619 1987 647 2040 et
660 1998 677 2040 a
691 1979 805 2040 fortiori
820 1980 900 2041 coitu
917 1980 1005 2039 iuna-

29 2069 130 2129 turali.
145 2071 211 2128 lmo
231 2069 337 2130 dicunt
363 2069 538 2130 Salmantic.
567 2069 715 2130 incestum
742 2069 932 2129 committere
952 2067 1004 2147 qui

30 2156 174 2233 polluitur
185 2157 314 2218 tactibus
324 2157 452 2237 alicujus
466 2158 620 2235 coniuncti
636 2158 666 2216 in
677 2165 784 2237 quarto
797 2155 894 2236 gradu
906 2161 929 2216 ³.

70 2248 139 2306 186.
160 2245 263 2316 Quoad
279 2253 498 2325 poenascontra
510 2264 577 2307 reos
590 2245 734 2307 sodontae
749 2245 832 2315 latas,
849 2244 914 2324 lege
928 2244 1004 2305 civili

33 2332 103 2392 oliui
123 2333 256 2413 mortiet
276 2334 407 2395 llammis
422 2333 650 2408 addicebantur,
668 2339 756 2413 prout
767 2334 857 2394 etiam
872 2333 1007 2394 bestiali·
1076 2406 1078 2409 Ι

34 2423 155 2490 tatisrei
171 2426 193 2481 ³.
211 2424 283 2482 dure
298 2417 399 2483 antem
414 2423 574 2497 canonico,
590 2442 643 2503 per
656 2423 770 2483 Bullam
784 2423 815 2483 S.
836 2423 881 2482 Pii
897 2424 932 2497 V,
944 2421 1006 2482 cle-

33 2511 96 2584 riei,
114 2517 177 2571 tam
194 2510 354 2572 saeculares
371 2531 462 2590 quarn
477 2512 641 2589 regulares,
657 2510 715 2572 hoc
729 2510 825 2572 scelus
842 2520 1007 2571 exercentes

33 2600 112 2660 morri
131 2600 295 2680 priuilepio
310 2600 457 2676 eleru'culr',
473 2601 579 2681 officie,
597 2600 746 2680 beneficio,
759 2599 913 2680 depredata,
926 2619 1007 2681 proe-

34 2691 122 2750 sentis
131 2689 253 2748 cononis
264 2692 443 2750 auctoritate
459 2688 543 2770 (sunt
556 2690 645 2750 verba
661 2687 767 2768 Bullae)
786 2690 964 2768 privantem
979 2696 1008 2750 et

34 2777 159 2857 insuper
179 2778 264 2855 jubet
280 2777 415 2838 Pontifex
427 2784 460 2839 ut
473 2777 564 2839 iidem
582 2777 740 2838 tradantur
754 2778 889 2839 saeculari
905 2786 1007 2858 potes-

35 2868 96 2928 rati.
105 2868 146 2911 '—
162 2868 207 2925 rtn
222 2865 396 2945 huiusmodi
409 2884 513 2946 poenas
523 2867 678 2927 incurrant
687 2866 787 2927 clerici
800 2866 1007 2928 bestialitatem

36 2953 273 3017 exercentes‘l-
286 2954 726 3034 AtlirmantquidamauctoreS,
736 2953 787 3015 sed
796 2956 1005 3034 negativasen-

35 3044 131 3105 tentia
146 3050 189 3104 est
204 3043 345 3119 tenenda,
360 3047 443 3121 juxta
458 3046 489 3104 S.
504 3044 641 3124 Lignea,
664 3043 736 3123 quia
756 3044 786 3104 in
807 3043 875 3123 lege
887 3046 1008 3123 poenali,

36 3138 285 3212 argumentante
297 3134 370 3210 peri
387 3151 447 3193 nou
461 3132 638 3209 admittitur,
665 3141 695 3193 et
708 3131 746 3192 de
765 3150 837 3193 casu
853 3134 890 3193 ad
905 3152 1009 3195 casum

37 3238 136 3297 poenae
150 3239 212 3281 uun
225 3229 297 3283 sunt
310 3221 508 3282 extendendae
523 3223 543 3282 ἢ,

76 3312 147 3371 187.
171 3311 209 3372 Ut
223 3328 293 3371 uero
307 3310 501 3371 incurrantur
514 3310 643 3390 praefatae
656 3328 765 3390 poenae,
779 3309 913 3372 sodomia
924 3310 1012 3372 debet

67 3538 90 3586 l.
108 3535 181 3595 ltin,
192 3545 220 3584 n⁰
232 3535 286 3585 tta.

65 3605 89 3659 2.
107 3608 135 3657 S.
148 3605 261 3672 Lignea,
277 3603 321 3654 lib.
337 3606 360 3665 3,
374 3616 402 3655 n⁰
416 3605 475 3664 tta
490 3610 606 3669 etaupra,
622 3602 713 3653 notua.

66 3680 90 3729 3.
109 3677 227 3738 Ferraria,
236 3686 262 3725 r⁰
273 3675 394 3736 Luxuria,
408 3675 444 3724 ni·
452 3674 483 3724 60
494 3679 519 3724 et
532 3674 571 3723 69.

68 3752 91 3800 ll.
111 3748 137 3800 S.
152 3749 265 3813 Liguor,
279 3746 347 3808 itte,
359 3757 387 3796 n⁰
400 3746 469 3809 tta:
