2362 4094
467 238 560 283 ctrur
581 241 615 282 ιι.
973 227 1031 285 tlt

85 355 163 414 210.
188 351 335 427 Sanchez,
348 353 615 429 Salmanticenses‚
631 356 743 438 aliique
757 363 862 418 tenent
875 356 980 419 oscula
1002 368 1032 418 et

44 443 150 501 lactus
172 438 312 519 pudicos,
328 441 383 502 etsi
407 441 481 504 fiant
495 442 532 503 ad
547 442 730 524 captandam
756 444 942 525 voluptatem
960 464 1032 508 cum

43 525 251 591 delectatione
261 528 375 590 carnali
383 534 414 590 et
426 531 632 593 commotione
642 531 814 612 spirituum
826 532 918 593 modo
927 551 987 594 non
996 534 1034 594 sit

45 632 174 695 magna,
201 623 231 677 et
251 617 329 678 absit
349 616 523 698 pollutionis
542 619 713 700 periculum
737 626 788 681 aul
811 639 979 682 consensus
1002 622 1032 683 in

46 703 210 782 copulam
236 721 314 779 esse,
341 705 419 767 inter
431 724 572 786 sponsos
592 705 785 769 solummodo
798 708 936 780 venialia
962 710 1033 789 quia

48 788 231 868 hujusmodi
245 798 331 854 actus
344 793 581 856 cohonestantur
596 811 650 874 per
664 794 817 876 sponsalia
832 795 910 856 sicut
924 797 1034 876 copula

51 895 106 957 per
116 879 370 956 matrimonium;
384 886 415 944 et
427 900 465 944 eo
479 883 587 963 magis,
602 882 759 966 inquiunt,
773 883 844 964 quia
860 883 907 944 his
917 883 1035 946 fovetur

48 967 1033 1034 amoradmatrimoniumconlrabendum:imoSalmanticenses

48 1054 106 1117 boo
126 1056 253 1118 etiams
277 1057 386 1120 veniali
409 1064 565 1133 excusant,
591 1064 689 1120 stante
707 1059 788 1137 iusta
807 1076 916 1119 causa:
942 1079 969 1120 v,
1000 1080 1030 1140 g.

47 1143 233 1208 ostendendi
247 1163 397 1224 amorem,
422 1145 565 1227 captandi
591 1146 845 1214 benevolentiam,
869 1146 1032 1227 effugiendi

49 1229 302 1312 inurbanitatem,
315 1236 360 1297 vel
370 1235 507 1297 servandi
518 1253 633 1297 morem
643 1235 757 1317 patrive.
770 1236 859 1297 Juxta
867 1237 898 1296 S.
909 1235 1030 1319 Lignor.

47 1323 156 1381 tanmn
173 1323 182 1358 ¹
201 1325 254 1403 qui
279 1322 336 1384 sibi
359 1324 583 1386 consentientes
605 1324 717 1385 mullos
739 1322 813 1385 alios
833 1323 914 1393 citat,
944 1324 1033 1404 longe

49 1408 241 1487 probabilius
253 1417 307 1484 est,
321 1418 350 1474 et
364 1412 492 1473 omnino
505 1411 671 1474 tenendum
687 1411 859 1491 hujusmodi
875 1417 959 1474 actus
972 1430 1032 1473 non

51 1496 153 1576 magis
167 1517 234 1561 esse
248 1499 345 1563 licitos
370 1502 448 1562 inter
459 1519 599 1580 sponsos,
615 1518 711 1580 quam
724 1500 802 1561 inter
812 1506 937 1562 caeteros
951 1501 1033 1562 solu·

33 1646 36 1651 ,
50 1588 109 1660 tos3
123 1586 199 1667 quia
211 1588 313 1668 sponsi
324 1587 462 1651 nondum
473 1588 770 1670 acquisieruntJusin
780 1588 1032 1669 alteriuscorpus,

46 1676 80 1733 'et
95 1674 181 1735 sieut
208 1675 281 1756 ipsis
295 1675 399 1738 illicita
412 1682 457 1738 est
470 1676 589 1758 copula,
613 1678 654 1736 ita
675 1683 705 1737 et
718 1682 803 1738 actus
821 1676 873 1756 qui
888 1675 925 1736 ad
948 1676 1034 1738 illam

49 1758 221 1842 disponunt
244 1771 296 1827 aut
324 1764 408 1826 illius
430 1765 601 1845 periculum
629 1772 805 1844 provocant,
832 1769 903 1827 sunt
928 1764 1032 1827 illiciti.

50 1849 164 1912 Oscula
175 1856 274 1914 tamen
290 1858 321 1915 et
331 1853 489 1933 amplexus
500 1852 587 1935 justa
596 1869 712 1914 morem
726 1851 831 1933 patriae
847 1851 919 1933 ipsis
931 1851 1032 1923 licent,

53 1939 147 2003 modo
161 1959 223 2002 non
238 1940 300 2002 sint
323 1959 425 2021 pressa
438 1948 468 2002 et
486 1941 524 2002 ad
548 1939 672 2022 aliquod
686 1948 807 2022 tempus
821 1947 980 2020 pertracta,
996 1941 1034 2002 ad

51 2025 273 2092 benevolentiae
284 2031 502 2107 ostensionem,
516 2029 599 2121 quod
613 2037 716 2092 tamen
726 2047 789 2090 non
798 2026 930 2091 admittit
943 2032 974 2091 S
985 2029 1033 2092 Li·

51 2134 157 2196 guor„
173 2118 231 2180 nisi
254 2118 305 2181 ubi
327 2119 394 2181 talis
415 2137 487 2181 usus
507 2114 596 2200 viget.
616 2120 679 2180 Nec
694 2117 826 2198 practice
839 2109 1035 2198 probabilem

51 2203 144 2269 habet
157 2209 340 2270 sententiam
359 2207 566 2270 Busembaum
576 2216 607 2268 et
623 2207 752 2268 aliomm
765 2206 970 2286 quorumdam
983 2205 1032 2267 di-

51 2295 189 2357 oentium
203 2295 322 2378 sponsis
347 2296 436 2359 licere
456 2302 552 2358 tactus
570 2294 695 2377 pudicos
709 2297 762 2376 qul
789 2292 935 2356 duntaxat
957 2293 1036 2356 liunt

47 2380 89 2463 ad
112 2383 346 2447 delectationem
364 2384 557 2465 capiendam,
585 2383 610 2444 si
624 2383 689 2445 baec
716 2383 756 2444 sit
772 2382 872 2443 solum
893 2381 1035 2445 sensitiva
1077 2390 1079 2395 ’

53 2488 114 2533 non
130 2490 204 2534 vero
217 2491 355 2543 venerea,
370 2475 411 2535 ob
420 2473 592 2557 peniculum
602 2490 723 2553 semper
730 2468 960 2532 huicinhaerens
972 2488 1034 2532 non

52 2559 179 2622 sistendi
193 2567 266 2623 lunc
280 2561 473 2623 delectationi
488 2561 638 2622 sensitiva)
659 2559 711 2621 sed
727 2576 797 2619 mox
822 2558 853 2619 in
874 2575 1034 2621 veneream

53 2646 221 2710 labendill
200 2649 301 2712 Videri
317 2657 412 2730 polest
426 2651 506 2712 cirea
524 2649 601 2710 hano
613 2647 813 2729 quaestionem
830 2651 862 2709 l’
878 2646 1033 2768 ballerini,

53 2748 87 2797 n⁰
100 2741 176 2816 ιιι,
194 2739 227 2798 P
246 2741 341 2820 Gury.

67 2927 147 2981 lll.-
160 2930 195 2981 lle
206 2930 366 2998 turpiloquio,
381 2927 667 3052 cantilenisiphorlieslis,
689 2926 796 2982 lectione
808 2926 982 3012 obscenorum
996 2936 1021 3001 et

466 3018 524 3069 spec
536 3017 583 3053 acu
595 3015 615 3051 rs
677 3020 680 3027 ⁴

91 3150 165 3209 eu.
190 3150 219 3208 ιο
234 3150 278 3209 De
298 3166 331 3210 se
355 3165 416 3210 non
430 3154 477 3209 est
491 3147 606 3209 malum
618 3146 709 3210 verba
721 3145 821 3228 turpia
834 3146 968 3227 prolerre
984 3152 1037 3208 aut

54 3236 177 3312 audire,
206 3237 258 3298 sed
284 3236 439 3299 moralitas
464 3235 642 3317 prolationis
667 3241 720 3298 aut
746 3232 908 3298 auditio‘nis
926 3233 1036 3313 huius·

56 3282 325 3475 ffiffldtiiirldbaomm
351 3344 387 3389 ex
412 3325 493 3389 bono
513 3331 566 3388 aut
553 3324 673 3388 tmalo
693 3324 753 3385 nne
773 3341 836 3407 quo
862 3323 893 3384 id
916 3323 968 3386 liat
992 3329 1038 3385 est

95 3503 189 3585 Loqui
206 3504 305 3584 turpia
318 3502 358 3567 ob
383 3521 496 3566 vanum
510 3501 654 3567 solatium
680 3501 742 3565 sive
754 3490 858 3580 jocum
873 3446 912 3564 de
926 3518 958 3564 sc
973 3518 1036 3621 non
1098 3538 1104 3549 κ

86 3739 109 3788 ι.
130 3736 328 3801 praenosse.
