2384 4138
171 170 211 228 20
489 184 527 228 aa
548 183 641 231 annus
660 183 814 231 varennis.

171 321 240 364 sum
258 321 321 384 quo
345 303 425 365 idem
445 309 489 365 est
509 304 663 378 occultus3
688 311 716 365 et
735 304 820 384 juxta
839 304 999 384 ipsosmet,
1017 320 1081 363 non
1104 308 1153 364 est

170 391 369 453 absolvendus
379 392 516 472 publicus
526 394 760 465 concubinarius
775 393 833 454 nisi
848 389 1151 472 nriusconcubinam

170 479 312 558 dimittat,
324 480 348 541 si
362 480 444 541 sitin
460 481 569 555 domo;
582 489 631 565 aut
648 481 703 543 nisi
725 482 763 544 ad
776 499 842 543 eam
859 499 912 560 ner
924 479 1056 541 notabile
1071 487 1153 540 tem-

171 588 229 648 pus
250 569 369 630 desinat
388 569 546 643 accedere,
565 569 589 630 si
612 567 695 632 extra
717 571 845 632 domum
868 576 1003 643 maneat3
1031 573 1062 629 et
1088 567 1153 630 hoc

171 657 288 718 etiarnsi
311 657 413 736 magni
438 656 488 718 det
512 657 598 736 signa
617 657 746 731 doloris,
771 659 842 740 quia
863 656 1042 719 scandalum
1067 662 1153 717 esset

171 745 261 807 talem
273 753 460 824 peccatorem
475 744 512 805 ad
523 756 709 807 sacramenta
722 747 888 818 admittere,
902 745 959 805 nisi
972 745 1058 823 signa
1074 744 1152 805 resi·

172 833 323 911 piscentiae
335 834 419 913 prius
436 831 611 909 ostenderit,
626 853 697 896 cunr
713 834 852 915 publicus
867 838 1006 913 peccator
1025 830 1153 911 publice

121 991 129 1007 ⁶
171 921 277 982 debeat
289 921 446 1000 pmnitere.
458 922 488 982 Si
503 940 573 984 vero
588 923 822 984 concubinarius
832 928 911 983 esset
922 920 1071 995 occultus,
1088 936 1154 983 nec

171 1009 262 1070 etiam
274 1016 358 1085 tunc,
370 1009 597 1088 juxtaeosdem
610 1010 666 1090 ipsi
674 1011 822 1072 absolutio
833 1017 912 1073 esset
926 1007 1150 1088 impendenda,

173 1097 230 1158 nisi
245 1099 276 1158 in
294 1117 365 1161 casu
385 1115 454 1158 raro
467 1117 528 1178 quo
542 1097 670 1160 dedisset
687 1100 772 1180 signa
784 1097 1019 1161 extraordinaria
1034 1097 1153 1158 contri-

171 1185 269 1247 tionis.
287 1185 329 1247 lta
344 1187 445 1264 Lugo‚
461 1185 734 1265 salmanticenses,
750 1196 826 1262 etc,
840 1186 920 1267 apud
936 1189 967 1248 S.
987 1184 1117 1265 Lignor.
1139 1193 1149 1226 ¹

172 1274 224 1353 qui
248 1274 331 1336 addit
359 1293 366 1333 :
397 1296 412 1331 a
435 1276 499 1335 Hoc
530 1281 633 1335 tamen
659 1284 777 1337 tantum
805 1274 1027 1337 admittendum
1055 1279 1149 1354 pute,

176 1385 191 1420 r
212 1363 335 1442 quando
354 1362 509 1423 moraliter
529 1363 567 1422 sit
585 1363 769 1444 impossibile
788 1364 870 1445 quod
884 1362 1054 1426 concubina
1074 1369 1151 1424 ante

176 1451 433 1530 «absolutio-neni
452 1450 533 1511 brevi
554 1451 663 1512 dimitti
688 1454 798 1531 possit3
826 1452 872 1512 rel
895 1451 1018 1533 quando
1038 1457 1151 1530 urgeat

176 1561 191 1596 n
214 1541 374 1602 necessitas
397 1539 704 1602 communicandiob
726 1539 879 1602 uitandam
897 1557 1040 1619 magnam
1065 1539 1150 1602 inla-

177 1651 192 1686 (ε
213 1630 343 1691 aniam...
371 1633 473 1692 :Nam
493 1629 570 1691 alias
590 1647 711 1708 semper
728 1629 876 1691 absolutio
897 1638 944 1692 est
957 1628 1149 1706 differenda,

126 1732 128 1736 ’
175 1739 190 1775 «
211 1716 1148 1798 quiaexperientianimisconstatquod,obtentaabsolutione‚

175 1828 191 1864 «
211 1806 372 1868 ‹littlculter
381 1808 498 1869 occasio
509 1815 611 1887 postea
621 1804 767 1880 aufertur,
777 1813 807 1868 et
817 1807 861 1868 sic
874 1805 1015 1867 facillime
1029 1805 1151 1871 aeditua

175 1916 191 1952 «
211 1895 474 1956 advornitum⁸».
562 1918 565 1922 “

210 1995 259 2054 50.
284 1995 346 2054 Nec
367 1992 456 2055 etiam
475 1996 554 2054 esset
567 1991 767 2055 absolvendus
780 1993 833 2074 qui
849 1992 960 2074 passim
981 1984 1151 2056 haberetur

173 2086 205 2141 ut
219 2080 464 2157 concubinarius,
479 2079 534 2142 etsi
557 2097 660 2142 revera
675 2101 736 2143 non
752 2090 846 2158 esset,
871 2081 927 2143 nisi
942 2081 1150 2146 existimatam

170 2169 374 2231 concubinam
389 2177 571 2248 removeret,
588 2178 639 2232 aut
654 2165 763 2233 saltem
777 2171 848 2232 satis
864 2170 1039 2233 ostenderet
1051 2171 1149 2234 talem

173 2275 234 2318 non
244 2275 309 2319 esse
321 2262 343 2319 ⁸.

211 2350 260 2407 bt.
285 2347 461 2410 concubina
475 2354 614 2429 potestne
625 2348 737 2411 absolvi
750 2355 914 2427 antequam
927 2365 944 2409 e
958 2346 1050 2408 domo
1064 2365 1148 2411 con·

171 2434 318 2496 cubinarii
334 2437 467 2500 discedat
477 2437 500 2497 si
515 2437 629 2517 abipso
640 2434 845 2498 sustentetur?

212 2524 302 2602 Resn.
323 2527 469 2604 negative,
486 2525 543 2586 nisi
556 2543 594 2586 ex
607 2525 740 2587 discessu
757 2523 813 2584 sibi
829 2529 881 2586 aut
894 2523 960 2585 aliis
970 2541 1058 2604 grave
1072 2543 1147 2590 eve-

172 2610 249 2672 niret
263 2612 430 2688 damnum,
453 2613 576 2675 infamia
597 2630 708 2693 nempe
730 2617 783 2672 aut
796 2611 996 2686 scandalum
1014 2610 1063 2674 rel
1086 2614 1147 2679 nisi

171 2699 322 2780 impotens
334 2708 413 2763 esset
430 2703 515 2763 aliter
529 2702 586 2761 sibi
600 2699 757 2781 providere
771 2706 800 2760 et
820 2700 994 2762 mendicare
1004 2716 1075 2761 cum
1089 2701 1150 2766 de·

170 2788 279 2850 decore
293 2789 425 2852 deberet.
441 2790 498 2852 Sed
513 2791 604 2852 etiam
619 2789 648 2850 in
669 2788 716 2850 his
728 2788 848 2851 casibus
858 2788 1034 2870 regulariter
1052 2788 1150 2854 abso·

171 2876 246 2939 lutio
260 2885 304 2940 est
317 2878 484 2941 differenda
493 2882 516 2940 ⁴.

211 2966 288 3038 Quid
302 2966 340 3028 dc
352 2967 524 3028 famulabus
535 2985 606 3029 cum
620 2966 746 3028 domino
758 2966 976 3047 peccantibus?
992 2965 1148 3029 Possunt-

172 3074 210 3117 ne
219 3055 332 3117 absolvi
345 3056 369 3117 si
383 3055 492 3118 berum
507 3073 567 3116 non
580 3055 744 3117 deserant?

212 3145 301 3226 llesp.
318 3143 430 3206 absolvi
443 3161 545 3226 posse,
553 3143 577 3204 si
590 3143 681 3205 semel
695 3142 741 3205 rel
757 3143 930 3204 bistantum
940 3144 1148 3223 peccaverint,

170 3240 200 3293 et
212 3232 375 3295 admonitae
389 3231 407 3294 a
427 3232 610 3294 confessario
629 3233 821 3294 occasionem
834 3231 940 3294 tollere
954 3232 1147 3311 curaverint3

202 3448 225 3498 l.
245 3448 312 3499 Libr.
325 3444 349 3512 33⁴
361 3460 389 3500 n⁰
400 3450 454 3501 436.

201 3519 226 3568 2.
242 3519 270 3570 V.
283 3520 364 3573 adbuc
375 3521 443 3582 ibid,
455 3528 484 3571 n⁰
493 3522 548 3574 l56.

202 3590 226 3639 3.
244 3588 386 3652 Rousselot,
397 3592 464 3654 idid,
479 3599 504 3644 et
513 3593 539 3644 S.
553 3592 664 3660 Ligure,
677 3593 720 3646 lib.
733 3595 758 3656 ³,
768 3594 863 3647 notae.

206 3659 226 3710 t.
244 3658 270 3710 S.
285 3658 398 3725 bisunt..
408 3662 452 3714 lib.
466 3664 492 3727 3,
505 3673 533 3716 11⁰
544 3664 599 3718 ldl.
