2362 4094
221 273 230 279 .
301 237 492 285 nassuarrrro
512 240 545 284 n.
569 237 663 283 curun
683 236 729 281 111.
947 225 1003 282 153

428 437 574 493 eurtmutt
593 439 611 493 1.

318 592 350 630 DE
373 591 574 632 etecuusrnnrtts
596 592 719 633 PERSONAE.

57 752 133 813 273.
159 753 312 834 Coniuges
335 752 474 833 impediri
497 760 623 835 possunt
642 771 659 814 a
685 753 815 833 petendo
837 754 939 815 debito
954 773 1003 816 ra-

21 837 99 901 tione
113 842 160 902 vei
175 843 248 916 voti,
260 843 305 904 vei
321 842 484 918 affinitatis,
501 842 547 902 rel
560 842 747 923 cognationis
761 844 925 924 spiritualis
940 851 1004 922 post

22 928 257 991 matrimonium
271 937 446 1006 contractae,
462 930 507 991 ret
529 930 569 991 ob
582 932 941 1004 excommunicationem,
959 933 1004 994 vel

22 1016 148 1078 tandem
169 1019 210 1079 ob
223 1018 391 1099 periculum
407 1019 474 1080 vitae
489 1025 540 1080 aut
554 1018 697 1081 sanitatis.

60 1135 96 1191 1⁰
119 1132 220 1193 Etiam
235 1134 293 1195 sub
304 1133 385 1213 gravi
402 1133 542 1194 itticitum
554 1142 599 1195 est
612 1135 734 1214 conjugi
750 1133 886 1195 debitum
902 1139 1003 1213 petere

23 1218 141 1282 ratione
166 1221 310 1296 voti,vei
332 1221 495 1294 atiinitatis,
524 1229 576 1283 aut
599 1223 790 1303 cognationis
816 1222 1003 1303 spiritualis:

24 1314 121 1384 potest
136 1314 240 1370 mmen
260 1328 390 1391 sponsus
406 1318 479 1371 tuuc
494 1316 607 1388 potere,
618 1312 704 1387 juxta
723 1329 920 1372 communem
935 1329 1006 1371 sen-

24 1397 161 1469 tentiam,
179 1399 203 1459 si
218 1397 294 1459 adsit
313 1398 484 1478 periculum
507 1398 734 1460 incontinentiae
758 1399 788 1458 in
812 1399 908 1459 attero
931 1418 1007 1460 oon·

23 1481 94 1563 juge
101 1506 111 1558 ;
129 1486 193 1547 imo
206 1486 286 1547 adid
302 1494 431 1559 tenetur,
443 1488 525 1563 juxta
541 1487 642 1566 piures
655 1488 671 1548 a
685 1490 716 1549 S.
728 1488 850 1567 Liguor.
865 1488 971 1548 citatos
982 1495 1004 1563 ¹,

25 1573 93 1649 quia
109 1573 151 1634 ad
172 1574 232 1636 boc
246 1574 421 1656 obligantur
435 1575 581 1655 conjuges
598 1568 636 1637 ex
652 1575 839 1637 institutione
860 1577 1004 1656 coniugii.

26 1661 110 1734 ltem,
123 1662 212 1741 juxta
232 1682 428 1725 communem
449 1663 648 1736 seutentiam,
666 1669 769 1743 petere
783 1669 881 1742 potest
894 1667 1005 1744 coniux

27 1746 202 1827 impeditae,
219 1752 244 1813 si
260 1754 334 1813 aiter
348 1751 447 1832 exigat
462 1751 550 1812 etiam
568 1751 806 1832 interpretativa,
823 1760 913 1831 prout
928 1771 1007 1833 saepe

27 1840 177 1919 contingit
190 1840 221 1900 in
236 1840 363 1902 muliere
385 1859 454 1921 quaa
469 1847 592 1921 propter
605 1841 819 1902 verecundiam
838 1861 898 1902 non
919 1841 1007 1903 audet

27 1928 167 2005 explicite
185 1929 318 2009 exigere,
334 1935 362 1990 et
381 1929 425 1988 vir
445 1935 546 1989 tamen
563 1930 664 2002 sentit,
680 1934 714 1989 ut
732 1930 772 1990 ait
792 1928 825 1990 S.
843 1928 1005 2000 Thomas²‚

29 2015 88 2094 ejus
102 2017 284 2079 voluntatem
301 2016 335 2079 de
354 2016 447 2079 dediti
461 2017 633 2078 redditione.
650 2052 689 2063 -
704 2017 825 2091 Quoties
840 2025 940 2079 autem
956 2019 1006 2078 tati

29 2101 173 2184 impedito
204 2106 291 2167 liceat
325 2107 368 2168 sic
396 2125 428 2167 se
450 2105 587 2177 offerre,
614 2105 644 2165 id
670 2105 858 2186 pensandum
889 2114 933 2166 est
971 2126 1006 2167 ex

30 2191 272 2255 circumstantiis.
304 2193 401 2253 -Si
446 2212 516 2255 vero
557 2195 669 2271 conjux
709 2194 896 2254 consenserit
939 2200 1007 2253 voto

30 2279 168 2357 ulterius,
193 2300 254 2342 uon
271 2283 381 2363 poterit
403 2281 566 2362 impeditus
589 2289 658 2341 voto
679 2281 722 2342 sic
745 2299 777 2341 se
802 2281 921 2354 offerre,
950 2281 1006 2342 nisi

31 2368 119 2430 attera
142 2389 212 2450 pars
232 2375 311 2431 esset
334 2370 364 2430 in
383 2369 522 2448 periculo
542 2369 779 2437 incontinentiae,
799 2368 829 2428 in
852 2388 914 2448 quo
935 2388 1006 2431 cusu

31 2453 57 2514 id
74 2457 131 2538 ipsi
153 2460 235 2532 ticet,
247 2458 318 2540 quia
329 2465 403 2521 tuno
421 2457 459 2519 ad
481 2459 537 2520 boc
552 2464 672 2519 tenetur
685 2475 721 2517 ex
737 2457 923 2518 institutione
939 2476 1007 2519 ma-

31 2543 172 2607 trimouii.

19 2653 21 2657 ·
70 2647 114 2704 au
128 2649 232 2705 autem
245 2644 369 2724 coniugi
388 2642 534 2723 impedito
555 2642 644 2703 liceat
664 2648 776 2721 petere,
795 2642 819 2702 si
842 2642 877 2702 sit
895 2642 958 2722 ipse
976 2643 1007 2703 in

32 2731 163 2804 pericuto
186 2732 423 2805 incontinentiae,
444 2730 567 2811 quidam
593 2730 755 2804 affirmant,
779 2724 910 2792 maxime
933 2732 956 2791 si
971 2733 1009 2793 sit

33 2815 194 2898 impeditus
217 2837 308 2882 causa
329 2820 480 2880 affinitatis
504 2820 550 2879 vet
572 2819 763 2900 cognationis
787 2820 1009 2900 spi1·ituatis,et

33 2910 189 2971 cmnmnde
220 2908 404 2989 dispensatio
430 2907 532 2968 haberi
556 2908 636 2969 baud
663 2909 775 2987 possit3
803 2916 914 2988 negant
938 2928 1009 2970 vero

34 2995 130 3069 piures
150 2999 198 3059 atii
221 2997 358 3078 eoquod
381 2997 551 3077 periculum
575 2996 802 3058 incontinentiae
825 2999 863 3057 sit
884 2999 1009 3077 quidem

33 3083 106 3157 justa
118 3105 210 3149 eausa
225 3086 381 3147 obtinendi
395 3085 665 3164 dispensationem,
677 3104 737 3146 non
749 3094 848 3148 autem
865 3087 1007 3147 coeundi.

37 3203 70 3219 ·-
84 3177 151 3237 Non
175 3174 375 3255 improbabile
389 3181 492 3235 tamen
515 3181 634 3253 reputat
646 3176 676 3234 S.
703 3176 839 3254 Liguor,
855 3175 938 3256 quod
953 3175 1011 3238 boc

35 3261 202 3337 anticuum,
212 3281 284 3324 casu
299 3281 360 3343 quo
370 3280 515 3341 maguum
528 3270 574 3323 ast
586 3262 756 3341 periculum
771 3264 1009 3339 incontinentiae,

37 3353 108 3414 etde
123 3352 205 3413 brevi
221 3351 406 3431 dispensatio
420 3352 549 3411 obtineri
576 3352 680 3431 nequit
697 3371 703 3411 :
723 3352 793 3432 quia
817 3351 900 3430 leges
917 3354 1011 3414 eccie-

42 3438 164 3503 siasticae
180 3459 241 3502 non
255 3440 390 3520 obligant
400 3457 470 3501 cum
486 3446 568 3501 tanto
582 3439 787 3502 incommodo.

67 3651 89 3701 t.
108 3651 162 3702 Lib.
180 3651 203 3711 6,
218 3661 245 3700 n⁰
262 3650 316 3700 930.

66 3721 89 3774 Ξ.
104 3724 132 3774 lu
142 3723 181 3786 tn,
195 3722 255 3775 uisa
275 3721 315 3784 38,
328 3737 353 3788 q.
367 3720 390 3782 t,
404 3724 449 3770 art.
462 3720 490 3783 35
502 3718 540 3770 rel
553 3735 560 3770 ε
572 3719 596 3781 d,
609 3735 634 3784 q.
647 3718 687 3777 m,
704 3724 750 3768 art.
762 3718 786 3778 2,
796 3718 821 3767 0.

937 3822 963 3870 a·
