2362 4094
439 211 531 259 meur
551 212 585 256 li.
955 201 993 259 87

6 316 135 384 licitum
162 323 230 384 lieri
258 324 372 402 posset,
397 330 427 385 et
453 322 587 404 quidem·
606 340 677 385 cum
704 340 816 402 magno
842 321 992 385 bonorum

7 427 147 473 morum·
156 417 187 472 et
201 411 426 492 propagationis
438 411 558 491 generis
567 411 693 472 humani
704 409 899 471 detrimento}

58 503 129 564 too.
153 503 199 562 Ne
212 499 296 561 dieas
306 500 397 562 licere
411 501 449 562 ad
463 500 610 562 individui
633 499 761 562 salutem
789 497 850 561 non
875 506 992 563 tantum

7 588 86 665 ejus
99 589 283 670 sanguinem
298 587 421 660 elicere.
437 588 596 651 sedetiam
612 588 750 649 membra
774 588 867 668 ipsius
885 607 994 670 ampu-

8 682 95 751 tare,
109 677 171 739 imo
185 685 215 738 et
224 677 403 756 spermatica
415 696 493 739 vasa.
510 679 591 757 Ergo
604 685 634 738 et
655 676 746 737 etiam
766 693 872 737 semen
899 678 995 757 proli-

10 763 239 843 ticumejicere.
249 767 325 827 Nam
334 766 535 846 respondetur
549 765 614 827 haec
626 763 690 827 fieri
703 763 818 845 absque
831 765 994 845 voluptatis

9 870 122 927 sensu,
139 854 203 917 imo
218 854 277 915 nisi
291 872 362 916 cum
373 873 487 933 magno
501 853 606 915 dolore
619 853 813 933 contingere3
825 853 914 930 vunde
933 871 993 914 non

9 947 64 1000 est
84 941 255 1005 timendum
277 961 316 1004 ne
343 942 456 1024 aliquis
484 942 515 1002 in
542 940 715 1020 hujusmodi
742 939 868 1001 excedat
885 961 892 1000 :
909 941 994 1003 aliter

11 1037 120 1091 autem
135 1047 228 1092 resse
255 1030 348 1092 babet
369 1031 400 1091 in
428 1030 553 1092 seminis
565 1030 724 1108 ejectione
752 1035 786 1091 ut
811 1030 994 1108 experientia

13 1124 156 1195 coristat;
174 1120 303 1199 proinde
317 1119 400 1183 nulla
414 1125 458 1180 est
469 1118 665 1197 comparatio.
1007 1190 1012 1198 p

61 1210 129 1268 lbi.
153 1208 311 1269 Probabile
325 1214 426 1268 tamen
440 1212 559 1287 reputat
577 1208 608 1267 S.
637 1205 795 1284 Lignorius
810 1210 833 1277 ¹,
849 1205 941 1286 quod,
969 1209 993 1269 si

15 1312 125 1356 semen
135 1295 221 1357 tieret
233 1298 301 1358 vitae
316 1296 535 1377 perniciosum,
550 1295 650 1356 liceret
664 1293 751 1373 illud,
765 1311 832 1375 ‘ope
860 1294 994 1356 medico-

15 1383 346 1464 menti,eorrumpere,
358 1385 526 1465 quominus
536 1383 703 1447 resolutum
713 1383 745 1443 in
755 1382 935 1462 sanguinem
945 1392 997 1446 aut

16 1471 117 1533 alium
133 1472 296 1535 humorem
310 1480 413 1554 postea
428 1472 575 1553 ejiciatur.
592 1472 678 1533 Ratio
703 1470 775 1552 quia
803 1478 909 1532 natura
933 1490 995 1534 non

17 1561 134 1641 obligat
145 1560 184 1623 ad
198 1561 442 1624 conservandum
467 1579 572 1622 semen
596 1579 667 1622 cunr
695 1559 833 1641 periculo
860 1560 939 1636 vitae,
966 1569 997 1623 et

19 1648 100 1711 sicut
112 1650 230 1713 lieelad
241 1648 650 1712 tuendamvitamtesticulos
664 1656 834 1730 amputare,
856 1650 995 1728 quamvsss

18 1736 135 1817 absque
149 1739 187 1800 iis
197 1738 291 1800 homo
306 1740 344 1799 sit
353 1738 481 1799 omnino
495 1738 648 1816 impotens
661 1734 699 1797 ad
711 1734 934 1816 generandum,
954 1736 995 1813 ita

23 1844 83 1886 non
96 1826 264 1888 (lebetesse
282 1825 468 1906 prohibitum
497 1842 602 1886 semen
622 1842 819 1907 corrumpere
842 1830 871 1884 et
895 1830 997 1903 postea

21 1914 132 1991 ejicere
148 1935 155 1976 ε
171 1915 203 1974 in
215 1915 274 1976 hac
298 1915 382 1977 enim
404 1912 564 1994 hypothesi
592 1930 696 1975 semen
710 1932 773 1974 non
793 1912 913 1992 ejicitur
940 1912 996 1973 nisi

23 2010 198 2083 corruptum
211 2021 269 2083 ope
285 2001 498 2064 medicamenti
513 2000 579 2063 sine
591 2001 803 2082 provocatione
824 2000 993 2081 voluptatis.

65 2093 311 2165 controvertitur
330 2099 432 2152 tamen
456 2107 495 2151 an
524 2089 612 2151 liceat
635 2088 865 2152 medicamentis
891 2107 996 2150 semen

24 2189 201 2262 corruptum
215 2180 377 2261 expellere.
387 2181 505 2259 Negant
517 2178 775 2240 Salmantieenses
789 2186 819 2240 et
831 2179 997 2259 Roneaglia

24 2270 156 2349 eoquod
180 2268 368 2349 impossibile
393 2267 430 2328 sit
454 2284 560 2341 semen
587 2272 767 2348 corruptum
788 2267 897 2345 ejicere
915 2267 995 2345 'quin

25 2374 128 2419 verum
153 2376 258 2419 semen
288 2355 378 2417 simul
406 2355 586 2427 emittatu1·;
618 2355 670 2417 sed
704 2355 899 2416 communius
933 2357 995 2415 Db.

25 2445 194 2521 affirmant:
214 2444 285 2526 quia
300 2445 379 2506 sicut
391 2442 460 2504 licet
475 2444 550 2506 alios
565 2443 713 2506 humores
727 2450 872 2505 nocentes
891 2443 997 2523 expel-

27 2532 98 2611 lere,
111 2537 167 2599 etsi
194 2554 251 2616 per·
265 2533 404 2599 accidens
418 2539 563 2613 sequatur
579 2533 706 2613 pollutio
729 2532 941 2606 involuntaria,
967 2541 997 2593 et

27 2624 101 2686 sieut
115 2626 187 2688 licet
198 2624 398 2705 pharmacum
414 2639 535 2683 sumere
550 2620 588 2682 ad
608 2622 753 2682 morbum
767 2621 996 2702 expellendum,

28 2711 92 2775 licet
104 2714 250 2777 indirecte
265 2710 465 2791 expellendus
477 2709 515 2770 sit
525 2708 617 2770 foetus
629 2708 768 2771 nondum
779 2710 942 2783 animatus,
958 2712 999 2772 ita

27 2817 53 2860 er
68 2801 134 2864 licet
145 2801 249 2864 medio
265 2798 477 2863 medicamenti
492 2815 597 2859 semen
612 2806 791 2878 corruptum
805 2798 927 2879 ejicere,
943 2800 998 2860 etsi

28 2905 127 2951 verum
155 2908 261 2953 semen
286 2907 340 2969 per
365 2886 507 2948 accidens
529 2886 693 2946 emittatur.
722 2886 807 2947 Hanc
833 2885 998 2947 secundam

28 2980 201 3040 senentiam
222 2985 269 3039 sat
296 2974 484 3058 probabilem
507 2971 656 3035 existimat
682 2975 713 3035 S.
740 2974 890 3054 Lignor.²‚
907 2974 999 3036 modo

29 3084 127 3129 semen
141 3069 181 3130 sit
195 3073 278 3130 certo
292 3073 323 3127 et
336 3083 398 3126 non
413 3063 505 3124 dubie
516 3070 706 3144 corruptum,
719 3062 859 3144 expulsio
874 3061 1000 3124 seminis

32 3159 158 3237 corrupti
174 3156 239 3217 lieri
250 3161 341 3234 queat
355 3153 471 3232 absque
484 3149 620 3212 libidinis
630 3169 733 3226 sensu,
747 3159 775 3213 et
791 3170 852 3213 non
868 3151 929 3213 sint
942 3150 999 3213 alia

32 3246 159 3308 remedia
173 3262 279 3306 semen
304 3251 482 3323 corruptum
504 3238 666 3316 medendi3
681 3240 765 3301 addit
777 3240 903 3320 insuper
916 3239 1000 3320 quod

32 3333 246 3396 nullomodoin
257 3331 376 3393 casusit
386 3326 798 3411 permittendaverendorum
809 3327 997 3401 confricatio,

33 3422 97 3501 quia
112 3425 167 3484 ista
181 3423 219 3482 de
235 3438 267 3482 sc
281 3419 377 3480 tendit
395 3419 432 3479 ad
458 3416 694 3478 commovendos
717 3418 841 3498 spiritus
863 3415 1000 3478 carnales

60 3631 82 3682 t.
101 3631 157 3683 bib.
169 3631 194 3693 3,
206 3640 234 3681 ιιο
248 3628 305 3689 tls,
317 3629 344 3679 in
353 3628 409 3692 flac.

64 3702 87 3752 2.
102 3702 162 3755 ibid.
