2378 4102
187 175 245 231 221
500 186 595 233 ranna
617 171 853 257 36363666663.

187 295 274 365 galem
295 303 387 352 mento
405 294 538 363 adultera,
552 296 614 348 266.
637 297 678 349 66
694 294 723 349 16
737 293 821 349 66616
841 293 876 349 63
890 295 981 350 valore
1002 294 1164 349 matrimonii

187 370 269 429 liccat
280 375 444 445 conjugibus
453 374 576 429 debitum
590 373 713 441 reddere,
726 376 787 429 267.
804 373 876 443 Quid
890 375 913 429 si
923 375 991 429 alter
1004 391 1056 429 666
1072 375 1177 429 babeat

184 456 230 525 jus
252 454 371 525 petendi,
387 458 447 510 268.
466 453 539 522 Quid
559 453 715 521 dicendum,
733 453 823 525 quoad
842 453 927 509 debiti
953 456 1123 525 petitionem,
1144 454 1163 506 si

186 535 390 589 matrimonium
414 534 485 588 bona
507 533 560 588 663
584 534 666 587 163311
685 540 878 603 contractum,
898 536 960 588 269.
976 534 1046 602 Quid
1063 535 1087 588 si
1106 549 1162 589 com

185 614 267 668 dubia
277 614 338 678 663,
352 617 414 669 279.
428 613 529 683 Regula
544 629 593 684 633
604 614 714 668 casibus
725 613 817 669 dubiis
835 612 871 668 de
884 615 1050 669 matrimonii
1065 614 1160 669 valore.

186 695 248 747 271.
265 695 304 747 De
320 694 403 747 variis
421 693 637 748 circumstantiis
652 709 715 764 quae
729 692 883 763 impediunt
897 695 1057 765 petitionem
1071 693 1159 748 debiti.

186 776 247 827 272.
271 775 311 826 66
335 774 442 827 3311663
466 773 533 839 voti,
547 772 688 841 affinitatis
708 780 756 827 361
777 773 950 847 cognationis
968 773 1116 844 spiritualis
1129 772 1158 825 sit

185 868 293 922 semper
315 852 441 906 illicitum
470 859 581 924 petere,
606 854 666 906 273.
695 855 738 905 An
760 853 1009 911 excommunicatio
1036 850 1159 923 impediat

91 972 93 975 .
185 932 269 986 debiti
289 931 542 1003 63111163336,271.
560 931 695 984 66113331
718 930 841 986 debitum
865 938 959 1003 petere
988 932 1028 986 vel
1055 930 1177 987 3366333.

185 1028 247 1067 cum
268 1011 389 1082 periculo
405 1011 541 1077 sanitatis,
559 1013 622 1065 275.
638 1009 769 1078 Quisnam
785 1010 821 1075 sit
833 1010 932 1065 modus
947 1012 990 1066 vel
1002 1012 1070 1067 situs
1083 1017 1156 1064 natu·
1175 1006 1177 1077 ζ

186 1092 250 1147 33113
274 1091 396 1147 debitum
426 1090 572 1162 praestandi
590 1134 596 1160 ,
614 1092 675 1144 276.
700 1090 803 1146 Carere
827 1090 909 1145 debet
932 1092 1111 1147 363133333163
1128 1084 1177 1142 nc*

184 1172 351 1244 quaestiones
363 1170 526 1241 multiplicet
544 1170 617 1224 31333
633 1168 744 1225 modum
763 1170 975 1236 concumbendi,
991 1173 1051 1226 277.
1074 1169 1156 1224 66311

184 1251 299 1307 mortale
310 1258 358 1306 aut
369 1250 465 1305 saltem
479 1249 586 1306 veniale
599 1250 675 1305 coire
688 1256 812 1321 tempore
828 1251 1033 1320 praegnationis,
1047 1252 1106 1307 279.
1118 1252 1154 1303 66

184 1333 266 1387 113331
283 1332 359 1387 36133
383 1338 506 1402 tempore
521 1329 688 1396 laetationis,
704 1331 766 1384 289.
790 1332 832 1389 66
848 1328 919 1383 idem
944 1330 1024 1385 liceat
1043 1337 1155 1400 tempore

184 1410 329 1477 menstrui,
346 1411 406 1465 281.
431 1412 473 1464 66
489 1409 806 1480 136663366333116613,
818 1411 880 1467 288.
895 1412 938 1463 66
952 1408 1047 1465 diebus
1059 1407 1154 1464 lestinis

183 1498 212 1547 et
222 1498 345 1562 tempore
354 1488 600 1562 pmnitentiae2tl.
611 1491 652 1542 An
662 1489 760 1559 copula
773 1487 928 1558 conjugalis
938 1487 1154 1543 31133111366116·

183 1568 524 1640 charistiaesumptionem,
533 1570 594 1623 285.
607 1569 668 1622 Non
679 1567 860 1639 estobligatio
870 1567 994 1639 petendi,
1005 1567 1050 1622 sed
1060 1574 1151 1622 tantum

185 1648 314 1705 reddendi
324 1647 457 1713 debitum,
466 1650 527 1702 286.
541 1647 614 1701 Varii
629 1662 710 1702 casus
720 1647 748 1700 16
762 1647 863 1718 quibus
878 1663 933 1702 636
947 1655 1027 1719 urget
1035 1646 1151 1717 obligatio

185 1728 327 1795 reddendi,
342 1730 404 1783 287.
417 1729 479 1783 Non
495 1735 537 1782 331
553 1726 684 1782 33663661
700 1726 831 1797 obligatio
843 1726 1001 1781 amentibus
1012 1725 1150 1789 3613113113,

184 1810 245 1864 287.
258 1808 395 1879 Obligatlo
406 1807 529 1862 debitum
545 1806 674 1861 reddendi
685 1813 727 1860 est
737 1806 837 1877 grauis,
850 1809 912 1861 288.
928 1803 1150 1878 66331311663663

184 1888 314 1958 obligatio
322 1886 439 1959 petendi,
454 1890 505 1941 288
516 1893 543 1941 31
557 1887 619 1939 289.
635 1884 739 1940 Ρ331331
750 1892 866 1956 possunt
875 1887 1009 1957 conjuges
1026 1884 1150 1941 63163131-

184 1968 276 2023 monio
287 1983 341 2021 666
353 1966 463 2034 613663,
482 1967 595 2020 291166
611 1965 731 2034 graviter
744 1973 838 2035 peccet
851 1966 951 2035 conjux
967 1981 1066 2035 negans
1084 1963 1149 2019 debi-

186 2056 243 2103 tum
260 2063 312 2102 663
338 2047 380 2102 vel
390 2048 475 2101 311333
485 2047 555 2110 vice,
564 2046 746 2110 29629266
756 2044 790 2098 311
795 2044 870 2115 justa
880 2060 963 2100 33633
984 2045 1149 2101 debitumue·
1174 2076 1176 2115 ,

183 2127 263 2199 gandi
275 2127 338 2198 quia
349 2127 598 2197 pluresnascuntur
607 2124 654 2178 6111
663 2139 745 2195 quam
754 2125 885 2195 conjuges
893 2124 1145 2196 alerepossunt,293.

183 2211 225 2262 66
233 2204 464 2276 conjuxdebitum
473 2203 588 2258 reddere
597 2211 721 2258 teneatur
729 2219 791 2263 cum
802 2204 1042 2274 gravidamnosuo
1050 2209 1092 2258 aut
1101 2217 1148 2275 636

184 2287 293 2354 113291.
305 2287 365 2341 1166
376 2291 524 2339 excusatur
534 2282 725 2338 uxoradebito
737 2282 874 2341 reddendo
884 2284 919 2338 ob
929 2283 1063 2339 ordinaria
1074 2282 1148 2353 grani·

184 2367 290 2431 ditatis,
310 2373 416 2437 633163,
428 2372 493 2432 313,
511 2362 692 2429 incommoda,
708 2365 771 2419 296.
782 2365 824 2417 66
838 2372 1012 2419 excusatura
1029 2360 1146 2418 reddendo

185 2462 255 2501 uxor
267 2461 329 2518 quae
343 2451 455 2516 experta
473 2450 583 2499 estnon
597 2459 694 2515 633333
716 2442 768 2497 6131
782 2450 917 2509 mortuos,
931 2446 994 2500 296.
1011 2446 1050 2497 66
1063 2442 1146 2512 conjux

187 2533 313 2582 13633163
330 2533 379 2581 361
400 2524 488 2597 possit
509 2522 856 2594 3366333111131136613611,
872 2525 932 2578 297.
951 2522 1054 2593 061631
1065 2520 1145 2594 petitio

185 2606 233 2661 fiat
247 2622 311 2660 cum
325 2606 384 2661 solo
394 2611 508 2675 6363316
525 2603 634 2666 veniali,
650 2604 711 2656 298.
728 2604 844 2657 Peccant
857 2603 989 2673 conjuges
1002 2602 1061 2657 3133
1072 2600 1145 2672 impe

186 2693 276 2742 136133
298 2684 412 2741 3366361
431 2682 554 2754 jejuniis,
577 2681 663 2737 invita
682 2688 834 2753 361663313,
858 2684 920 2735 299.
941 2682 1055 2737 Ratione
1074 2677 1142 2735 debiti

187 2771 316 2819 13636163
329 2757 462 2833 conjuges
475 2761 554 2816 313661
569 2761 736 2828 cohabitare,
753 2763 814 2815 300.

222 2859 358 2933 1131333663.
380 2860 479 2914 Docuit
494 2858 604 2914 modum
614 2859 792 2930 pollutionem
804 2857 981 2930 impediendi,
997 2861 1055 2914 162.

222 2958 369 3015 6313313116.
397 2958 773 3030 066166136311,1-6,192.
799 2954 870 3023 Quid
892 2955 929 3010 sit
951 2955 1088 3012 delectatio
1103 2966 1141 3006 ve-

187 3041 312 3105 nereal.
327 3036 398 3106 Quid
413 3038 448 3093 sit
461 3037 604 3105 sensualis,
620 3053 669 3091 seu
681 3036 819 3109 organica,
840 3037 866 3089 6.
880 3034 950 3103 Quid
966 3036 1002 3090 sit
1017 3031 1142 3095 rationalis,

187 3124 213 3176 6.
229 3122 290 3176 Non
313 3119 351 3175 ita
365 3116 495 3172 61633661
507 3116 549 3172 bae
563 3115 758 3171 delectationes
781 3114 847 3186 quin
874 3115 1071 3170 connexionem
1082 3109 1141 3185 peri·

187 3202 308 3256 culosam
323 3214 396 3270 saepe
416 3196 542 3261 babeant,
554 3198 580 3249 7.
597 3195 753 3267 0631661311
768 3192 964 3250 3116313313116
979 3209 1096 3259 venerea,
1107 3190 1140 3244 ta.

188 3282 264 3337 Unde
278 3294 377 3334 nomeu
392 3292 471 3331 suum
484 3281 635 3340 mutuetur,
650 3275 711 3331 l92.
728 3273 883 3344 Quotuplcx
897 3288 958 3327 3333
973 3273 1056 3345 possit
1066 3271 1141 3342 objec-

189 3368 246 3414 tum
262 3374 378 3414 16636333
394 3355 593 3420 delectationis,
609 3357 671 3408 199.
693 3357 734 3409 66
746 3352 892 3407 6313313116
909 3352 944 3407 63
963 3353 1068 3423 objecto
1088 3348 1141 3404 malo

188 3440 224 3491 sit
234 3438 327 3492 illicita
340 3452 405 3491 casu
419 3450 474 3505 quo
484 3449 635 3487 consensus
649 3431 819 3487 solummodo
832 3431 1026 3487 conditionalis
1039 3432 1061 3486 ei
1076 3443 1143 3502 6333·

125 3521 128 3525 ’
190 3517 346 3580 13163,196.
372 3514 456 3568 6616
477 3513 590 3566 materia
608 3512 681 3582 turpi
703 3510 850 3566 delectatio
874 3512 909 3564 311
923 3527 1032 3583 semper
1051 3506 1142 3564 16331313

101 3586 106 3595 ’
189 3594 418 3660 633331661,196.
444 3590 580 3645 66113331
602 3589 732 3647 63133136
758 3588 793 3644 63
818 3589 889 3643 malo
908 3605 993 3662 opere
1011 3589 1142 3645 61166666

189 3668 325 3736 effectum,
343 3670 403 3722 197.
429 3671 471 3722 66
485 3666 631 3722 6313313116
654 3684 763 3725 morosa
778 3667 873 3724 166631
888 3683 984 3725 omnes
1003 3669 1095 3743 objecti
1106 3681 1143 3721 ex·
