2362 4094
462 239 556 285 CAPUT
577 240 610 284 ll.
987 227 1025 286 85

34 352 95 414 nis
111 373 224 425 sensu,
235 376 270 420 ac
280 356 407 437 proinde
421 375 483 419 non
496 362 541 419 est
554 356 788 421 confundendus
800 376 871 420 curn
890 357 1026 422 mollitie.

88 443 231 506 Diximus
244 445 442 525 pollutionem
458 446 488 507 in
517 444 696 508 mulieribus
721 445 857 508 accidere
880 447 1027 509 solereio

40 549 121 591 vase
136 532 274 611 genitali,
290 534 404 614 absque
415 534 479 595 ullo
491 534 603 596 effluxu
618 534 769 609 exteriori,
786 535 853 596 licet
867 535 1029 615 aliquando

38 618 143 679 etiam
156 627 240 682 extra
254 622 372 685 effluat:
393 622 471 683 hanc
486 628 586 684 autern
602 622 783 683 sensibiliter
802 623 984 704 percipiunt,
1000 630 1030 684 et

39 707 79 766 in
96 725 132 768 ea
146 726 256 790 magna
270 710 422 791 voluptate
436 709 620 781 alliciuntur,
635 728 695 790 uua
716 711 868 791 completa
883 710 1031 773 satiantur

39 799 79 855 et
93 796 270 875 quiescunt;
287 797 384 860 ethoc
398 799 487 879 signo
511 797 677 879 praesertim
694 798 873 878 dignoscere
889 804 1030 879 poterunt

41 883 228 946 confessarii
244 905 283 946 an
298 905 400 948 revera
412 886 523 950 luerint
538 887 659 967 pollutae
672 891 695 950 ¹.

94 977 165 1035 t58.
194 975 322 1037 Pollutio
350 977 407 1037 alia
446 982 490 1037 est
514 975 705 1048 voluntaria,
729 974 786 1036 alia
814 974 1029 1049 involuntaria3

45 1059 654 1145 voluntariaeaestquaeculpabilitcrest,
673 1063 761 1124 volita
770 1064 833 1125 sive
845 1062 876 1124 in
888 1081 921 1123 se
930 1062 1031 1124 sivein

43 1166 146 1211 causa
160 1168 167 1209 z
183 1158 287 1212 contra
300 1152 428 1232 pollutio
443 1151 642 1215 involuntaria
658 1170 694 1213 ea
707 1158 831 1231 estquae
846 1150 930 1212 nullo
941 1149 1032 1211 modo

45 1244 98 1298 est
123 1237 314 1318 culpabiliter
336 1241 440 1301 volita:
457 1238 624 1302 voluntaria
647 1239 775 1321 pollutio
797 1245 842 1300 est
855 1240 987 1320 proprie,
1001 1247 1033 1299 ut

47 1325 304 1405 supradiximus,
321 1334 478 1408 peccatum
493 1327 640 1390 mollitiei.

80 1414 212 1495 ,Duplex
238 1424 283 1476 est
305 1417 433 1497 pollutio
459 1416 626 1478 voluntaria
643 1434 697 1479 seu
719 1415 877 1478 mollities:
904 1416 1034 1498 simplet·

46 1501 195 1583 quidem,
211 1522 280 1583 quae
295 1504 408 1567 nullarn
422 1505 513 1566 aliam
529 1505 674 1566 malitiam
690 1504 745 1566 sibi
761 1503 910 1566 adnexam
925 1502 1032 1580 babet3

48 1599 82 1651 et
97 1589 366 1672 punlificotoquae,
385 1599 600 1673 praetersuarn,
617 1592 761 1654 malitiam
780 1591 869 1653 aliam
890 1595 1033 1667 continet,

49 1699 83 1740 v.
106 1698 138 1758 g.
175 1679 327 1754 adulterii,
355 1682 514 1763 sacrilegii,
542 1680 745 1753 bestialitatis,
770 1679 892 1759 quaudo
927 1699 1036 1761 nempe
1064 1698 1073 1711 ‘

52 1767 289 1830 committitura
312 1771 485 1850 coniugato,
500 1768 545 1832 iel
573 1787 733 1850 apersona
759 1771 927 1844 Boosoura,
941 1777 992 1830 aut
1011 1771 1034 1830 si

54 1855 143 1935 quis,
159 1874 192 1918 se
208 1856 384 1936 polluendo,
400 1858 561 1920 delectaret
574 1864 718 1940 tauquam
741 1857 780 1918 de
797 1858 1036 1936 conjugandam

53 1944 97 2005 de
111 1962 242 2024 persona
255 1949 317 2010 [teo
329 1967 425 2021 sacra,
440 1947 538 2010 etboc
552 1946 644 2008 modo
668 1952 768 2026 posset
789 1946 879 2007 etiam
908 1947 1037 2024 pollutio

56 2032 191 2093 induere
210 2034 355 2095 malitiam
377 2037 519 2106 incestus,
539 2034 732 2102 bestialitatis,
750 2033 905 2103 sodomiae,
921 2041 992 2102 etc..
1004 2034 1035 2094 si

54 2129 241 2182 tamennon
263 2141 296 2184 se
320 2123 481 2186 delectaret
505 2130 651 2203 tanquam
671 2122 709 2184 de
734 2123 906 2203 conjugata,
935 2127 986 2184 aut
1000 2123 1038 2183 de

55 2211 301 2287 consanguinea,
314 2220 364 2273 aut
378 2216 441 2274 Deo
456 2231 551 2289 sacra,
565 2219 653 2292 prout
666 2211 739 2273 tales
752 2217 833 2285 sunt,
855 2210 907 2270 sed
921 2217 1038 2272 tantum

57 2304 151 2377 prout
167 2304 388 2379 snntporsouae
413 2301 557 2380 pulchrae,
583 2308 667 2372 tunc,
692 2301 776 2378 juxta
794 2300 825 2360 S.
851 2298 986 2378 Lignor!
1010 2307 1038 2359 et

57 2385 191 2446 Billuart
204 2391 227 2461 ⁸,
244 2388 370 2469 pollutio
389 2388 525 2451 indueret
545 2389 737 2450 solummodo
762 2386 908 2447 malitiam
943 2386 1038 2447 iorni-

55 2474 210 2537 cationis:
229 2478 284 2538 nisi
298 2478 415 2540 adeset
429 2479 534 2551 simul,
551 2477 633 2558 quod
655 2482 701 2538 est
725 2474 831 2537 sedulo
859 2474 1038 2549 notandum,

56 2561 390 2637 desideriumcrinren,
418 2566 456 2625 de
479 2585 541 2646 quo
558 2571 602 2626 est
624 2564 792 2633 delectatio,
817 2563 1038 2639 committendi,

59 2670 137 2714 narn
165 2652 349 2715 desideriunt
376 2654 566 2734 specificatur
586 2672 622 2714 ex
647 2653 772 2732 objectis
796 2652 937 2712 externis.
968 2651 1039 2713 Vide

10 2738 25 2758 ⁸
58 2741 283 2816 etiamtunc,
301 2744 335 2802 n⁰
349 2746 394 2816 15,
411 2744 442 2804 S.
461 2742 604 2822 Lignorii,
621 2742 671 2802 nbi
687 2741 789 2801 asserit
801 2738 859 2800 hoc
873 2750 939 2802 e'sse
956 2739 1040 2801 coldo

56 2830 228 2912 probabile.
857 2879 861 2886 .

105 2924 176 2982 rua.
199 2921 321 2991 Quaerit.
340 2924 371 2980 lo
391 2924 433 2979 :tn
449 2926 478 2980 et
492 2928 643 3000 quatenus
659 2917 811 2991 mollities,
833 2935 884 2978 seu
913 2917 1040 2997 pollutio

59 3008 262 3088 culpabiliter
275 3008 376 3080 volita,
391 3008 429 3068 sit
444 3006 623 3086 peccatum?

106 3101 198 3177 Resp.
220 3096 306 3157 lllam
322 3114 388 3155 essss
402 3095 611 3174 gravissimum
627 3100 785 3174 peccatum
803 3101 909 3155 contra
917 3095 967 3172 jus
982 3111 1039 3154 na-

60 3183 213 3248 roratetd
225 3183 348 3265 quidem
361 3190 509 3262 tregarnnt
519 3183 621 3264 plures
632 3200 702 3246 curn
715 3182 893 3245 Cararnuele
905 3182 1041 3245 dicentes

61 3272 194 3337 seminis
205 3273 383 3351 ejectionem
400 3270 639 3352 comparandum
654 3288 719 3333 esse
734 3270 902 3352 profusioni
917 3270 1041 3350 sangui-

63 3363 126 3432 nis,
141 3360 238 3423 urinae
252 3366 282 3422 et
295 3360 433 3435 sudoris3
460 3377 496 3422 ac
510 3360 648 3439 proinde,
661 3358 777 3420 seclusa
797 3359 863 3438 tege
878 3360 931 3441 Dei
956 3358 1039 3437 posi-

99 3599 123 3645 1.
143 3594 255 3675 Billunrt,
269 3599 393 3658 utsupra,
408 3591 470 3641 ilias.
481 3590 504 3640 6.
518 3596 563 3650 art,
575 3589 603 3640 ll.
837 3601 870 3701 κζ

100 3666 125 3715 2.
144 3663 197 3715 tat.
211 3664 235 3725 3,
248 3673 276 3714 n⁰
288 3664 344 3723 lib,
357 3673 382 3711 r⁰
395 3663 471 3715 Bene.

101 3736 125 3788 3.
143 3736 214 3797 ibid,
231 3734 291 3786 bico
308 3735 342 3784 2⁰.
