2384 4138
131 197 136 203 .
182 141 220 199 34
503 151 541 196 us
562 151 655 197 araus
674 152 828 197 ruueanrs.

179 287 245 329 esse
269 269 435 348 virginem,
458 275 632 347 corruptam
658 267 808 341 inveniat3
838 272 865 327 et
889 274 962 327 tuno
983 269 1015 326 S.
1032 266 1140 345 Liguor

178 355 364 436 probabilius
381 356 529 416 existimat
548 356 646 416 virum
670 373 726 416 neu
746 355 838 415 etiam
862 355 957 415 teneri
985 355 1024 414 ad
1042 354 1144 434 aliqui

177 443 311 505 dandum
329 462 385 523 pro
403 443 514 523 copula
537 443 580 504 sic
594 442 727 517 obtenta,
744 443 800 503 nisi
819 450 941 522 paetum
956 443 1153 522 praecessisse

177 530 293 612 aliquid
308 530 482 612 prestandi,
495 530 541 591 vel
557 530 613 591 nisi
627 548 665 591 ex
676 531 784 611 copula
800 530 908 591 mulier
921 529 1077 590 infamiam
1088 547 1152 590 eon·

176 619 336 693 traxisset,
360 619 452 699 quia,
479 620 564 696 juxta
591 618 825 698 probabiliorem
853 618 1055 692 sementiam,

176 707 324 769 damnum
351 708 470 768 violatae
484 706 648 767 honestatis
672 707 776 786 nequit
801 706 929 786 pecunia
950 705 1155 788 compensari.

177 796 208 856 Si
232 814 302 856 vero
329 803 397 856 ante
425 794 566 875 copulam
587 794 632 856 vir
646 813 707 856 non
732 783 891 874 ignorabat
916 795 1076 857 mulierem
1091 813 1155 856 essa

176 891 361 963 corruptam,
376 882 624 961 distinguendum
638 888 755 945 tuncret
768 882 932 945 dicendum
948 884 1047 963 ipsum
1060 874 1155 943 tener*

176 970 215 1032 ad
236 971 347 1033 damna
372 990 522 1051 casuque
545 973 657 1032 mulier
671 978 813 1051 corrupta
827 970 933 1033 luisset
944 977 1027 1032 extra
1050 971 1136 1030 matri
1152 1005 1155 1012 ·

177 1060 334 1131 monium;
362 1061 386 1122 si
401 1077 472 1121 vero
486 1065 627 1139 corrupta
640 1059 742 1120 luisset
770 1078 807 1120 ex
835 1059 1040 1135 matrimonio,
1057 1059 1153 1120 veriu

176 1147 234 1209 diei
250 1148 338 1210 debet
360 1147 443 1229 quud
469 1154 587 1208 tenetur
610 1146 648 1208 ad
671 1148 768 1226 ipsam
789 1147 961 1209 ducendam
987 1147 1060 1226 quia
1084 1157 1155 1207 tuno

176 1237 287 1316 copula
300 1244 345 1298 est
359 1236 483 1317 aequalis
496 1237 691 1297 matrimonio
704 1236 855 1315 promisso
870 1240 891 1295 ¹.

216 1339 266 1396 75.
289 1335 393 1415 Exeip.
428 1339 462 1397 5⁰
484 1335 546 1396 Nisi
576 1354 630 1415 per
644 1336 741 1398 virum
765 1354 825 1398 non
853 1336 967 1397 steterit
989 1336 1155 1415 quominus

177 1422 407 1484 matrimonium
431 1422 483 1483 liat
498 1442 505 1481 ε
522 1430 551 1483 et
578 1429 652 1486 tuno
677 1425 780 1485 sistet
803 1442 858 1504 per
882 1424 1033 1504 puellam,
1051 1424 1097 1483 vir
1119 1414 1151 1483 ad

176 1510 250 1571 nihil
277 1518 416 1581 tenetur,
432 1513 487 1573 etsi
511 1530 580 1573 vere
603 1512 834 1575 matrimonium
860 1513 1069 1594 promisisset,
1101 1504 1155 1571 nisl

176 1607 278 1662 tamen
304 1608 454 1681 stuprator
477 1619 508 1662 se
536 1601 657 1662 tinxerit
681 1602 814 1663 melioris
834 1603 881 1663 vel
898 1602 1024 1683 aequalis
1049 1600 1152 1663 condi⁴

181 1688 274 1750 tionis
284 1688 406 1752 feminae
419 1691 493 1752 dum
505 1696 584 1751 esset
597 1689 759 1751 interioris.
773 1691 804 1751 Si
818 1709 889 1753 vero
908 1691 1021 1752 steterit
1036 1709 1091 1770 per
1104 1707 1155 1769 pa*

176 1783 288 1852 rentes,
305 1778 403 1840 verius
417 1785 501 1859 putat
512 1781 543 1839 S.
562 1779 684 1858 Liguur.
699 1779 795 1840 teneri
808 1786 883 1840 tuno
894 1778 1107 1840 defloratorem
1119 1772 1152 1837 ad

176 1862 323 1927 damnum
345 1866 558 1946 reparandum,
574 1867 645 1947 quia
664 1867 826 1948 promissio
839 1867 1025 1928 matrimonii
1041 1865 1149 1946 prinei-

176 1953 283 2033 paliter
297 1954 395 2015 luerat
413 1954 488 2016 laeta
512 1955 548 2015 ad
577 1954 751 2032 hujusmodi
775 1955 922 2016 damnum
947 1972 1148 2034 compensari·
1174 1998 1175 2035 3

176 2042 271 2117 dum;
297 2043 436 2122 proinde,
448 2041 608 2103 definiente
629 2043 805 2117 accessoria,
821 2042 995 2124 principalis
1019 2041 1150 2104 subsistit

177 2129 320 2210 obligatio
334 2133 357 2191 ’.
374 2132 467 2193 Secus
489 2130 579 2192 sentit
599 2132 634 2190 D.
651 2131 797 2207 Carriere,
813 2131 904 2193 etiam
917 2146 989 2192 casu
1009 2150 1073 2210 quo
1088 2147 1150 2193 vera

176 2217 231 2281 fuit
246 2220 432 2281 matrimonii
448 2219 608 2301 promissio
620 2223 643 2280 ⁵.
1175 2240 1176 2243 ¹

217 2307 248 2368 Si
269 2307 372 2387 puella
393 2308 497 2370 fuisset
510 2308 537 2367 vi
553 2313 707 2389 corrupta,
725 2307 910 2388 probabilius
929 2309 974 2369 vir
997 2313 1149 2370 teneretur

176 2394 259 2455 illam
285 2396 399 2470 dotare,
416 2414 487 2457 casu
513 2414 574 2475 quo
598 2396 662 2475 ipsa
679 2395 771 2457 nollet
785 2396 1013 2457 matrimonium
1032 2404 1148 2458 eontra-

178 2482 254 2546 here
267 2503 337 2547 oum
351 2492 519 2566 stupratore
533 2485 553 2547 ⁸.

217 2587 267 2644 76.
291 2582 413 2656 Quaerit.
440 2587 473 2644 2⁰
487 2586 535 2644 An
548 2585 592 2646 vir
605 2584 720 2647 habens
734 2590 837 2646 votum
857 2583 999 2645 eastitatis
1013 2583 1059 2644 vel
1080 2584 1148 2646 reli-

178 2670 277 2751 gionis
306 2678 443 2732 teneatur
470 2671 582 2734 ducere
611 2673 758 2753 virginem
782 2692 799 2733 a
827 2691 860 2734 se
883 2671 1061 2732 delloratam
1089 2676 1150 2753 post

177 2759 334 2820 verumvel
351 2759 454 2820 fictam
467 2762 651 2823 matrimonii
662 2760 921 2842 promissionem?

217 2848 307 2926 Resp.
330 2851 362 2907 t⁰
376 2847 406 2909 Si
432 2855 535 2909 votum
561 2848 618 2909 luit
637 2851 783 2910 emissum
802 2854 871 2930 post
893 2849 1004 2910 dietam
1023 2852 1150 2931 promis·

177 2934 352 3012 sionem,ad
365 2935 444 2996 hanc
459 2936 643 3016 implendam
653 2937 698 2998 vir
710 2938 907 3018 teneturquia
918 2944 1022 2999 votum
1033 2941 1065 3000 in
1079 2941 1151 3002 facta

176 3022 335 3103 hypothesi
360 3029 405 3085 est
422 3024 549 3085 omnino
576 3025 698 3087 nullum
723 3031 827 3107 utpote
845 3026 998 3089 delluratae
1027 3028 1150 3109 inJurio·

178 3129 258 3172 sum.
275 3113 317 3172 lta
330 3111 545 3174 communiter.

218 3204 250 3260 2⁰
278 3200 308 3261 Si
330 3200 475 3263 emissum
504 3200 607 3263 luisset
629 3210 699 3264 ante
719 3203 963 3283 promissionem,
977 3205 1091 3286 duplex
1111 3212 1151 3267 est

211 3421 233 3468 l.
252 3420 278 3470 S.
292 3419 404 3486 Lignor,
415 3420 459 3471 lib.
470 3423 494 3483 3,
510 3434 539 3471 nr
551 3422 609 3484 646,
624 3425 651 3474 in
661 3426 719 3487 fine.

210 3489 234 3540 2.
251 3491 321 3551 triu,
333 3501 361 3540 n⁰
371 3492 425 3542 dt'l.

208 3561 233 3611 3.
250 3563 288 3612 lte
302 3562 409 3624 lustitia,
422 3575 451 3612 n⁰
461 3564 531 3614 1366.

210 3631 234 3681 l.
252 3631 404 3697 Subiguur..
414 3633 484 3694 tlte,
498 3644 525 3684 υο
537 3634 592 3685 648.
