2362 4094
276 247 465 293 mssnnmmo
486 247 518 292 u.
542 247 636 294 enrur
657 247 703 291 111.
954 232 1010 291 155

34 365 93 425 iuro
109 383 165 426 uec
182 365 308 426 reddere
334 365 389 425 nisi
405 364 489 446 prius
510 382 600 426 suum
615 363 701 424 alteri
717 362 822 424 vilium
836 361 1012 423 manifesta-

35 455 122 527 verit,
142 454 279 535 alioquin
301 459 457 516 teneretur
477 452 515 515 de
530 452 678 535 impensis
698 469 753 531 pro
767 452 942 525 curatione;
959 451 1012 511 sed

36 542 228 620 probabiliter
242 542 279 603 ad
294 542 349 605 has
375 541 530 624 impensas
544 542 688 603 mulieres
702 559 764 601 nou
782 547 934 613 tenentur,
954 540 1012 601 uisi

13 668 15 671 v
35 632 183 712 requisitae
197 651 288 694 suum
299 626 439 693 morbum
454 631 597 694 celarent.
782 624 787 633 '

71 722 141 782 Nou
157 721 226 783 licet
243 721 377 782 debitum
392 727 492 800 petere
510 721 609 781 statim
624 739 641 779 a
661 718 776 779 balneis
791 721 834 779 vel
851 737 866 779 a
882 719 1013 779 serlione

36 827 128 880 venre,
152 808 286 889 eoquod
302 816 376 870 tuuc
398 809 495 870 coitus
518 810 554 868 sit
574 806 745 868 notabiliter
760 807 957 886 periculosae.
975 840 1013 853 -

37 896 115 958 ldem
130 896 241 958 dicitur
262 897 299 957 de
318 898 400 958 coitu
414 915 485 958 cum
502 896 655 959 laborante
672 895 758 957 salui.
778 895 847 966 Sed,
864 896 1013 975 quidquid

34 985 135 1048 dicant
150 985 313 1059 nonnulli,
328 1005 389 1047 nou
404 985 521 1046 videtur
547 986 685 1046 illicitum
708 992 809 1064 petere
832 985 932 1045 statim
949 990 1015 1062 post

37 1077 209 1154 prandium,
225 1076 281 1136 nisi
297 1077 365 1155 quis
382 1074 504 1136 hocsib‘r
524 1076 653 1153 graviter
679 1092 745 1134 esse
770 1076 894 1134 noxium
911 1074 1015 1134 luisset

36 1173 177 1245 expertus
194 1170 214 1225 ¹.

432 1345 578 1398 PUNGTUll
596 1348 624 1396 ll.

294 1492 323 1528 DE
340 1492 530 1532 circumsessum
549 1494 606 1533 MODI
623 1494 668 1531 VEL
684 1495 757 1534 Sl'lUS.

74 1626 145 1685 976.
175 1647 189 1683 r
216 1624 298 1685 Situs
322 1628 467 1701 naturalis
490 1640 534 1693 est
558 1637 589 1691 ut
610 1626 719 1689 mulier
734 1628 771 1687 sit
783 1628 915 1690 succuba
929 1634 956 1687 el
972 1629 1017 1689 vir·

40 1732 55 1767 c
75 1711 227 1775 incubus:
244 1712 294 1775 hic
316 1716 399 1776 eninr
414 1721 524 1782 modus
542 1719 638 1798 aptior
665 1724 711 1778 est
726 1717 865 1777 effusioni
891 1717 1016 1777 sentinis

41 1821 55 1857 a
75 1801 169 1863 virilis
183 1808 211 1862 et
225 1804 390 1883 receptioni
408 1807 438 1867 in
451 1828 501 1869 vas
516 1808 681 1869 ienrineum
697 1806 735 1866 ad
755 1807 872 1886 prolem
892 1825 1015 1885 procre-
1079 1871 1083 1890 Ι

41 1911 55 1946 u
75 1891 189 1952 andam
204 1912 219 1949 n
234 1896 258 1952 ².
273 1893 360 1955 Unde
374 1895 398 1956 si
421 1897 519 1960 coitus
534 1897 618 1957 aliter
643 1895 706 1969 liat,
735 1913 845 1975 nempe
868 1894 1013 1970 sedendo,

37 1980 156 2056 stando,
168 1981 207 2043 de
220 1979 322 2055 latere,
336 1983 382 2043 vel
396 2003 588 2067 praepospere
600 2003 685 2045 more
698 1983 862 2063 pecudum,
877 1983 921 2044 vel
933 1983 956 2044 si
970 1985 1016 2046 uir

37 2069 74 2129 sit
84 2070 238 2132 succubus
248 2076 278 2132 et
293 2071 401 2133 mulier
414 2073 535 2149 incubo,
552 2073 733 2135 innaturalis
745 2079 801 2134 est.

75 2158 316 2220 Controvertitur
331 2178 369 2220 an
387 2161 502 2242 praelati
526 2161 607 2223 modi
629 2160 759 2223 coeundi
779 2159 944 2221 damnandi
958 2160 1018 2221 siut

38 2245 74 2307 de
97 2247 244 2308 mortali?
265 2249 309 2308 De
336 2250 481 2312 omnibus
503 2251 553 2312 alii
573 2249 728 2312 affirmant
739 2269 748 2323 ;
770 2248 820 2310 alii
841 2254 960 2310 tautum
979 2250 1017 2310 de

37 2333 158 2398 duobus
171 2335 302 2413 ultimis3
318 2332 522 2400 communiter
536 2347 637 2402 autem
653 2344 779 2418 negatur
799 2337 837 2397 de
862 2336 1014 2409 omuibus,

38 2423 210 2505 diciturque
233 2443 286 2486 eos
312 2426 420 2488 modos
435 2447 498 2490 non
513 2429 658 2491 excedere
670 2427 819 2489 venialem
834 2426 966 2506 eulpam,
981 2445 1018 2487 eo

40 2514 164 2593 quadiu
179 2514 216 2573 iis
232 2532 293 2574 uon
304 2514 486 2595 impediatur
496 2518 650 2598 generatio
662 2562 669 2591 ‚
683 2534 755 2578 cum
769 2534 876 2577 semen
889 2514 944 2575 riri
955 2533 1016 2576 non
1111 2529 1113 2533 ·

40 2602 184 2682 recipitur
193 2602 225 2662 in
238 2603 393 2665 matricem
405 2624 458 2685 per
467 2607 649 2668 descensum
659 2605 710 2667 sed
721 2623 774 2686 per
790 2603 1015 2667 attractionem:

40 2691 121 2751 virile
134 2690 217 2752 enim
232 2709 336 2752 semen
360 2694 534 2755 naturaliter
548 2714 585 2755 ex
600 2712 632 2755 se
654 2694 761 2755 matrix
788 2692 918 2754 attrahit.
931 2691 1019 2756 Unde

41 2780 70 2839 S.
84 2778 219 2842 Thomas
229 2779 283 2839 ait:
301 2780 337 2841 Ie
360 2782 483 2842 seeundo
496 2783 579 2844 medo
593 2782 667 2864 (quo
682 2788 815 2845 mutatur
836 2782 912 2843 situs
927 2787 1018 2842 natu-

40 2869 185 2949 ralis)eoo
195 2887 308 2949 semper
317 2878 358 2929 est
366 2881 518 2951 peceatum
528 2871 663 2946 mortale,
674 2872 724 2933 sed
735 2880 890 2953 potestesse
902 2871 1019 2951 sr‘pnum

37 2956 175 3018 mortalis
189 2958 446 3038 coucupiscentia:
460 2970 533 3037 puta
548 2961 571 3021 si
587 2980 622 3022 ex
637 2961 745 3023 affectu
761 2961 957 3036 bestialitatis,
973 2961 1018 3022 vel

40 3046 198 3121 sodomiae,
214 3046 259 3106 rel
272 3047 296 3107 si
312 3047 485 3124 huiusmodi
501 3049 663 3111 haberetur
678 3049 790 3111 utfinis
805 3050 941 3111 ultimus.

78 3137 125 3196 Ex
143 3135 293 3196 sententia
307 3138 465 3200 communi
481 3140 607 3199 minime
620 3146 748 3218 peccaut
761 3140 908 3219 coniuges
933 3138 957 3198 si
982 3157 1020 3199 ex

40 3221 118 3298 justa
133 3241 224 3285 causa
239 3223 328 3285 situm
341 3231 468 3300 mutent,
486 3245 595 3308 nempe
614 3225 654 3286 ob
667 3224 891 3308 egritudinem,
906 3227 951 3287 vel
966 3226 1019 3287 viri

43 3310 271 3391 pinguedinem,
284 3313 329 3374 vel
344 3314 384 3374 ob
393 3315 563 3394 periculum
574 3315 696 3377 alrortus
706 3322 757 3378 aut
767 3313 898 3377 scandali
909 3333 915 3372 :
928 3333 1021 3394 quan·
1106 3324 1108 3328 ’

43 3398 154 3480 doque,
180 3399 275 3462 aits.
300 3401 442 3476 Thomas,
459 3404 524 3465 sine
540 3412 664 3483 peccato
687 3423 753 3466 esse
777 3409 874 3484 potest
898 3404 1021 3482 quaudo

41 3486 197 3569 dispositio
211 3491 347 3568 corporis
360 3489 452 3552 alium
469 3491 596 3553 modum
608 3512 669 3555 nou
684 3491 804 3572 petitur.

115 3686 143 3736 S.
162 3685 274 3749 Lignea..
292 3687 335 3747 tt,
350 3699 376 3736 n⁰
391 3688 445 3738 910.

117 3758 143 3808 S.
159 3757 272 3823 Lignea,
285 3758 354 3820 ibid,
366 3759 457 3809 noeti.

73 3688 96 3737 l.

72 3759 97 3808 Ξ.
