2378 4102
203 134 261 197 t68
521 153 558 198 nn
580 149 672 200 anans
692 150 846 200 nonnanis.

202 288 300 341 secus,
313 269 437 331 absente
449 269 500 332 tati
514 288 616 332 causa.
633 273 697 332 Nec
709 270 861 333 sufficeret
878 270 1023 332 motivum
1040 317 1047 343 ,
1063 275 1095 331 ut
1105 287 1158 331 non

201 359 240 416 sit
258 358 370 435 conjux
390 358 458 438 Jurc
475 358 620 420 reddendi
640 358 772 440 privatus
788 378 795 420 :
812 358 882 440 quia
897 358 975 419 sicut
990 363 1093 438 petens
1106 376 1158 419 non

201 445 351 596 gppgtupps
374 447 411 507 ad
432 447 475 508 sic
494 447 670 528 petendum,
689 447 728 508 ita
749 466 806 509 nec
830 445 959 508 reddens
980 445 1018 508 ad
1042 446 1082 508 sio
1099 444 1160 507 red-

242 642 341 700 Potest
355 640 479 720 quidem
499 643 609 720 coniux
631 642 758 704 reddere
774 642 888 703 habens
910 643 1023 719 justam
1039 659 1158 712 causam,

201 727 252 788 sod
268 728 304 788 ad
324 729 354 788 id
377 748 438 790 non
462 737 681 806 tenetur·‚'onrn
703 731 778 793 alter
795 749 857 792 non
878 730 986 791 habeat
1001 730 1052 808 jus
1073 729 1106 791 ad
1123 729 1159 790 sic

203 816 389 895 petendum3
412 824 566 880 teneretur
591 825 693 881 tamen
721 819 846 881 reddare
875 820 898 879 si
923 826 1029 899 petens
1052 818 1159 879 haberet

201 905 310 984 pariter
319 907 431 985 J'ustam
442 925 565 969 causam
577 908 633 970 hoc
646 909 735 969 modo
747 907 877 988 petendi,
890 915 962 987 puta
974 908 1011 968 ad
1023 907 1157 969 vitandam

201 994 451 1055 incontinentiam
465 1000 485 1055 ¹.
563 996 568 1006 '

240 1100 287 1161 An
301 1108 401 1162 autem
424 1098 499 1162 uxor
515 1102 608 1182 possit
627 1101 672 1162 rel
687 1109 825 1164 teneatur
846 1101 973 1163 reddare
987 1102 1051 1162 viro
1064 1101 1156 1162 rolenti

201 1189 351 1251 seminare
366 1197 448 1250 extra
463 1208 531 1262 vas·
542 1190 750 1271 expendemus
764 1191 840 1251 inira
858 1189 951 1270 (tta).

241 1300 309 1358 299.
334 1299 377 1357 Ex
397 1297 485 1358 dictis
500 1297 637 1376 sequitur
651 1299 779 1377 graviter
796 1315 921 1377 peccare
939 1296 1082 1375 conjuges
1096 1294 1115 1355 si
1132 1311 1157 1352 sc

201 1383 382 1463 impotentes
395 1385 520 1447 reddant
533 1390 623 1446 etiam
638 1386 745 1447 mediis
757 1387 830 1447 alias
844 1385 942 1461 licitis,
954 1405 982 1445 v.
995 1405 1025 1463 g.
1037 1382 1154 1462 jejuniis,

201 1471 293 1532 invita
316 1473 430 1535 scilicet
452 1484 619 1554 comperte.
645 1477 709 1535 imo
734 1475 789 1545 vir,
806 1475 830 1534 si
856 1473 1025 1552 jejunando
1047 1473 1156 1551 incapax

202 1559 287 1621 tieret
308 1558 443 1623 debitum
473 1563 638 1637 reddendi‚
667 1581 729 1624 non
757 1563 930 1623 observaret
956 1561 1037 1622 licite
1060 1559 1156 1638 jejunia

150 1718 155 1727 ‚
201 1649 354 1710 Ecclesiae.
367 1652 461 1712 Secus
474 1659 519 1711 est
531 1651 695 1713 dicendum
707 1651 745 1711 de
760 1669 866 1727 uxore,
882 1650 952 1731 quia
964 1649 1082 1712 difficile
1093 1646 1156 1709 ride

201 1743 250 1796 tor
262 1737 343 1817 quod
360 1738 509 1818 impotens
524 1737 575 1800 fiat
590 1758 643 1819 per
651 1740 767 1819 Jejunia
781 1739 819 1800 ad
836 1738 1024 1800 reddendum
1039 1736 1154 1797 debitum
1173 1744 1175 1777 ὲ

201 1824 361 1905 conjugata
375 1847 382 1886 :
401 1846 524 1905 peccare
537 1835 639 1890 tamen
653 1833 755 1908 posset
768 1828 811 1889 sic
827 1846 860 1888 sc
873 1825 1043 1888 deformem
1056 1823 1154 1887 notabi-

201 1911 268 1972 liter
282 1915 415 1977 efficiens
425 1919 447 1977 ⁵.

242 2030 311 2089 300.
342 2030 590 2094 «Notandum...
632 2029 713 2112 quod
752 2030 898 2109 conjuges
931 2027 1049 2090 rationo
1079 2021 1152 2086 debiti

193 2136 221 2191 'a
242 2116 387 2178 reddendi
411 2124 571 2180 teneantur
590 2118 773 2192 cohabitare,
790 2136 853 2179 non
876 2115 974 2178 sotum
997 2114 1092 2197 quoad
1108 2112 1152 2172 do

206 2225 221 2260 n
242 2222 340 2281 mum,
356 2206 409 2267 scd
425 2207 515 2268 etiam
530 2208 631 2289 quoad
646 2215 758 2281 torum,
775 2206 833 2267 nisi
855 2212 1033 2285 separentur
1048 2206 1081 2266 er
1094 2218 1153 2263 con·

205 2314 220 2351 a
240 2294 483 2376 sensuabsitque
493 2303 566 2357 tuno
576 2294 1017 2377 periculumincontinentiaect
1025 2293 1151 2354 damnum

205 2402 220 2439 a
242 2382 438 2446 educationis.
456 2384 505 2445 Vir
525 2391 628 2446 cirtem
647 2383 728 2446 licite
748 2362 844 2463 ptssest
862 2383 1017 2462 suscipere
1038 2383 1150 2461 aliquan

204 2491 219 2527 <r
241 2469 361 2533 brevem
383 2474 657 2554 peregrinationem
676 2491 713 2534 ex
735 2491 825 2534 causa
845 2470 1024 2546 devotionis,
1049 2469 1092 2532 rel
1109 2465 1150 2528 atia

204 2580 220 2617 a
240 2557 377 2635 honesta,
396 2563 486 2624 etiam
502 2563 597 2645 inrita
621 2579 734 2638 uxore3
750 2561 802 2622 sed
818 2579 880 2622 non
896 2577 974 2622 uxor
991 2560 1081 2620 invito
1092 2556 1148 2619 viro.

204 2669 219 2705 <r
241 2644 340 2710 Potest
361 2650 423 2712 imo
437 2652 482 2713 vir
499 2651 590 2713 etiam
611 2651 662 2711 diu
677 2650 795 2725 abesse,
811 2649 835 2709 si
857 2648 886 2709 id
899 2654 1037 2729 oporteat
1058 2647 1091 2708 ad
1109 2643 1150 2703 bo

203 2758 218 2793 <r
242 2755 314 2798 num
330 2729 496 2818 pubiicum,
513 2740 559 2802 vei
574 2739 707 2800 familiae.
724 2741 766 2809 tta
781 2735 1148 2800 communiterSanchez...

203 2845 219 2880 n
240 2826 317 2886 Dicit
330 2833 430 2888 autem
448 2829 557 2890 Boss...
575 2846 646 2889 cum
661 2828 783 2889 'l'oiet...
796 2825 879 2907 qnod
891 2826 935 2887 vir
949 2832 1084 2887 teneatur
1094 2829 1148 2882 tunc

203 2935 219 2969 n
238 2916 343 2976 secum
357 2915 468 2979 docere
481 2935 619 2986 uxorem,
635 2919 660 2977 si
674 2915 835 2978 commode
850 2915 943 2996 possit
953 2918 976 2975 ⁸.
993 2938 1008 2973 r>

229 3106 609 3192 isdrguar„raumara.
656 3094 659 3099 ⁴

208 3219 212 3225 -
228 3196 251 3246 a.
267 3198 293 3247 s.
312 3199 424 3264 arguor„
440 3198 483 3248 rn.
497 3199 520 3261 a,
533 3209 560 3248 no
572 3198 627 3248 aaa.

167 3316 169 3321 ,
229 3268 251 3318 3.
270 3270 348 3320 Homo
360 3270 479 3335 Apoatei,
495 3276 526 3319 tr.
541 3270 580 3329 18,
594 3279 622 3317 n⁰
634 3269 673 3319 51.
