2384 4138
169 211 208 269 lo
492 221 530 265 nu
550 221 644 268 rurus
664 221 819 268 renueris.

206 346 267 404 Nec
277 344 349 404 item
363 341 447 403 dicas
457 343 568 405 melius
581 362 648 405 esse
659 343 737 424 proli
752 342 1047 423 perlornicationem
1061 347 1143 406 nasei

165 449 257 513 quam
280 431 365 492 nullo
389 430 480 491 modo
503 450 569 492 esse
585 451 592 490 :
610 433 681 512 quia
696 432 727 492 in
742 431 909 493 intentione
922 432 1067 493 creatoris
1083 451 1143 495 non

164 520 274 583 sufficit
300 519 382 600 quod
411 519 510 599 proles
525 527 675 593 nascatur,
691 520 745 581 sed
772 520 897 601 insuper
925 520 1091 600 requiritur
1112 530 1145 583 ut

166 610 242 670 bene
262 609 447 669 instituatur.

203 701 253 760 30.
276 697 307 757 Si
322 715 395 775 ergo
410 696 568 758 fornicatio
592 696 629 757 sit
647 704 752 758 contra
764 698 814 773 Jus
830 696 980 769 naturale,
995 697 1055 758 ulia
1072 717 1145 777 pec-

164 791 230 845 cata
257 783 384 843 luxuriae
410 783 555 843 naturalis
580 792 650 843 sunt
679 782 791 863 pariter
815 791 919 843 contra
962 781 1042 845 idem
1066 781 1142 863 jus:
1178 782 1179 789 ’

164 873 278 952 quippe
292 871 337 932 vel
352 871 508 932 continent
530 889 655 931 omnem
670 871 815 932 malitiam
827 889 896 950 quae
905 876 950 931 est
964 871 995 932 in
1011 871 1145 933 fornica-

168 961 266 1034 tione,
282 966 319 1021 ut
338 957 535 1036 adulterium,
550 960 790 1033 concubinatus,
804 965 960 1039 stuprum,
990 961 1143 1033 incestus,

163 1049 369 1130 sacrilegium3
389 1048 435 1108 vel
451 1047 489 1108 ad
504 1047 599 1128 ipsam
615 1047 781 1127 disponunt
803 1053 833 1107 el
858 1048 999 1122 excitant,
1016 1055 1048 1109 ut
1062 1048 1146 1129 cogi·
1179 1096 1180 1115 t

167 1137 296 1198 tationes
309 1143 425 1215 turpes,
441 1135 588 1197 desideria
604 1135 734 1215 impura,
746 1142 885 1216 aspectus
897 1143 927 1195 et
941 1141 1040 1198 tactus
1052 1136 1143 1199 inho·
1179 1134 1180 1137 ’

165 1225 253 1298 nesti,
267 1225 412 1286 lectiones
421 1232 452 1285 et
462 1223 614 1303 colloquia
626 1223 768 1285 obscena.

203 1317 252 1374 31.
276 1313 398 1385 Quaerit.
423 1318 456 1373 1⁰
470 1316 516 1374 An
540 1314 572 1373 in
596 1313 728 1393 peccatis
743 1312 868 1374 luxuriae
886 1312 950 1373 dari
966 1315 1060 1393 possit
1078 1332 1145 1376 ma-

166 1402 249 1464 teriae
261 1401 386 1462 levitas?

203 1493 294 1571 uesp.
310 1489 365 1550 Vel
381 1506 429 1549 res
451 1506 579 1550 venerea
606 1494 652 1551 est
677 1490 791 1551 directe
804 1488 851 1549 vel
878 1489 1023 1551 indirecte
1041 1489 1146 1553 solum

164 1578 264 1640 volita.
290 1579 321 1639 Si
347 1577 645 1657 priuszaffinnative
672 1580 808 1640 sentiunt
835 1577 959 1658 quidam
984 1580 1046 1639 Db.
1066 1578 1148 1642 inter

163 1687 241 1748 quos
254 1665 389 1729 Sanchez
402 1666 467 1747 (lib.
480 1671 510 1740 9,
521 1666 599 1747 disp.
616 1671 666 1743 lb,
681 1678 716 1727 n⁰
729 1667 773 1747 9),
786 1668 1057 1741 Navarrus,SotuS,
1069 1672 1145 1746 eto,
1181 1740 1182 1743 Ἴ

155 1755 256 1817 'modo
270 1761 372 1816 tamen
387 1755 464 1816 absit
479 1756 648 1836 periculum
663 1755 842 1835 pollutionis
853 1761 906 1816 eut
925 1773 1094 1818 consensus
1112 1757 1146 1819 in

164 1851 266 1906 actum
280 1844 433 1906 carnalem
446 1865 454 1919 ;
470 1852 501 1905 et
514 1842 573 1905 hoc
585 1844 692 1905 dicunt
709 1862 797 1924 posse
808 1844 988 1925 contingere
1001 1845 1037 1919 si,
1051 1863 1079 1906 v.
1097 1865 1144 1927 g„

163 1938 370 1994 attrectaretur
393 1950 502 1993 manus
529 1932 576 1992 vel
598 1950 649 2012 pes
671 1931 809 2007 feminae,
826 1933 850 1992 si
878 1937 1067 2012 premeretur
1092 1940 1146 1996 aut

163 2021 353 2082 vellicaretur
372 2020 467 2101 ipsius
487 2019 655 2094 brachium,
671 2020 695 2081 si
710 2020 956 2101 intorquerentur
969 2020 1066 2099 digiti,
1082 2028 1143 2084 etc.

163 2109 247 2171 Idem
262 2115 365 2171 tenere
378 2108 495 2171 videtur
509 2108 667 2186 lambac,
680 2108 733 2170 sed
747 2108 805 2169 alia
816 2108 864 2169 via
873 2108 1020 2189 procedit,
1036 2114 1066 2169 et
1079 2109 1146 2173 dis·

163 2196 273 2278 tinguit
295 2215 366 2259 cum
382 2197 471 2258 Palao
485 2197 564 2258 inter
587 2215 635 2257 res
651 2215 804 2271 venerem,
820 2202 849 2258 et
863 2196 1003 2257 materias
1015 2195 1146 2262 luxuriae

164 2304 232 2365 quae
247 2285 335 2347 latius
347 2290 461 2365 patent,
478 2286 594 2364 inquit,
610 2284 784 2347 adsensum
798 2291 917 2360 tactus3
946 2285 977 2345 in
993 2284 1146 2365 prioribus

164 2373 288 2454 quidem
309 2373 419 2435 fatetur
445 2391 507 2435 non
530 2373 596 2434 dari
625 2375 799 2454 parvitatem
824 2374 976 2449 materiae,
1001 2373 1054 2434 sed
1077 2373 1147 2438 dari

163 2481 253 2543 posse
267 2462 422 2524 contendit
447 2462 478 2523 in
493 2463 721 2543 posterioribus.
741 2463 821 2524 Hinc
832 2462 917 2541 juxta
932 2462 1030 2542 ipsum
1045 2467 1146 2527 tactus

166 2550 237 2612 levis
252 2569 288 2612 ex
300 2551 382 2630 joco,
397 2550 443 2612 vel
467 2568 537 2613 cum
560 2550 759 2612 delectatione
783 2568 844 2611 non
859 2567 999 2627 venerea,
1020 2549 1146 2631 culpam

157 2639 312 2701 >venialem
339 2657 401 2700 uon
427 2638 554 2701 excedit.
587 2661 601 2697 (t
615 2640 670 2699 His
684 2647 784 2700 tamen
811 2656 872 2700 non
887 2637 1087 2714 obstantibus,
1101 2641 1148 2704 alt
1183 2712 1184 2723 χ

168 2748 183 2787 r
205 2730 235 2789 S.
261 2728 326 2809 Lig.
357 2727 474 2809 (libr,
498 2728 636 2808 n⁰ll5),
661 2727 788 2788 omnino
807 2726 974 2787 tenendum
997 2734 1043 2788 est
1069 2744 1146 2793 cum
1183 2734 1184 2741 ’

167 2838 183 2874 «
203 2817 313 2878 Viva...
335 2816 416 2898 quod
440 2816 541 2878 omnis
564 2815 722 2878 delectatio
748 2815 877 2877 carnalis
899 2815 960 2877 sive
989 2815 1147 2881 luxuriosa

167 2927 182 2964 c
204 2923 276 2967 cum
290 2905 474 2967 advertentia
488 2913 518 2966 et
529 2904 748 2967 deliberatione
761 2911 859 2985 capta,
873 2905 912 2965 sit
925 2904 1050 2966 mortale
1068 2922 1146 2985 pec-

167 3015 183 3053 o
203 3000 317 3072 catum,
340 2994 472 3056 maxime
495 3000 601 3075 post...
617 2994 763 3074 proposit.
777 2997 818 3055 lb
843 3011 912 3074 quae
926 2991 1065 3054 dicebat:
1092 2993 1146 3056 list

166 3104 182 3142 r
200 3081 366 3164 probabilis
380 3082 493 3164 opinio,
509 3100 574 3163 quor
594 3080 670 3142 dicit
685 3101 742 3143 esse
755 3089 866 3143 tontum
885 3083 998 3143 veniale
1010 3082 1143 3142 osculnm

166 3171 333 3233 «habitum
367 3169 401 3233 ol
423 3171 646 3233 delectationem
669 3171 814 3233 carnalem
839 3179 866 3231 et
892 3170 1054 3232 sensibilem
1077 3191 1146 3252 quse

166 3281 182 3318 ι(
201 3279 240 3322 etc
262 3260 358 3323 occulo
382 3260 490 3337 oritur,
506 3260 617 3321 secluso
634 3260 772 3341 periculo
785 3259 1102 3321 ulteriorr's'consensus
1116 3267 1146 3320 et

167 3370 183 3408 o
199 3347 386 3430 pollutionis.
404 3350 434 3410 Si
450 3350 530 3410 enim
556 3351 587 3409 in
611 3349 724 3410 osculis
740 3368 800 3409 non
815 3348 903 3410 dat-ur
918 3349 1043 3409 materia
1058 3349 1143 3425 levis,

167 3460 182 3497 «
204 3439 366 3501 necetiam
380 3439 479 3500 danda
502 3445 547 3501 est
571 3439 601 3499 in
626 3439 834 3500 aliistaotibus
857 3456 929 3499 cum
943 3437 1145 3499 delectatione

168 3549 181 3583 <t
204 3526 328 3588 carnali.
338 3527 435 3599 ltatio,
446 3527 519 3609 quia
532 3528 645 3608 quaeris
659 3528 787 3589 carnalis
797 3525 968 3601 delectati0,
979 3525 1040 3587 sivo
1054 3543 1144 3586 com-

168 3636 184 3672 «
205 3615 299 3675 motio
311 3615 474 3696 spirituum
494 3615 681 3697 generationi
696 3615 931 3677 deservientium
945 3622 990 3675 est
1004 3613 1144 3695 quaedam

170 3702 344 3763 «inchoata
376 3703 517 3781 pollutio,
546 3723 600 3766 seu
624 3711 724 3766 motus
749 3703 786 3765 ad
813 3703 1019 3783 pollutionem.
1037 3704 1144 3766 Merito
