2378 4102
369 281 463 325 44444
485 267 718 329 inruundrmun
974 267 1033 325 425

61 384 126 438 terni
141 385 269 456 malitias,
245 389 343 444 498.
359 390 402 445 dn
415 397 444 445 et
455 391 536 462 quale
546 391 583 446 sit
595 395 691 463 peccat
692 403 738 442 um
757 402 810 442 non
825 388 973 460 reprimere
986 388 1036 444 de·

1 479 2 546 4
59 462 242 534 tentationem,
257 469 319 522 4449.
336 468 479 538 Quomodo
495 470 648 541 rejiciendo
657 469 713 524 44444
722 467 886 523 tentationes
899 469 1034 538 carnales,

59 543 118 596 200.
134 541 273 601 Delectotro
283 547 505 622 semicirculum
517 551 564 620 sit,
578 552 604 604 5.
629 553 672 606 An
684 547 744 603 dari
759 554 841 620 queat
855 547 977 603 materiae
995 549 1037 603 le·

1 633 2 658 4
60 621 153 676 ritas'
147 640 175 678 444
198 623 380 684 delectatione
397 629 518 683 sensibili
539 644 586 684 seu
613 627 757 699 organica,
780 627 823 680 37.
848 628 889 680 An
904 626 941 681 444
961 642 1037 683 rnor-

1 707 2 712 ’
57 701 300 837 344143ἷέ444
322 706 467 763 delectatio
491 718 599 764 melosa
621 706 656 762 de
679 706 776 778 copula
800 705 893 761 habita
921 705 962 760 vel
983 706 1036 761 ha-

93 797 109 834 n
131 797 156 850 4,
225 826 231 839 .

91 893 265 954 Deciderium.
286 899 357 969 Quid
376 903 421 971 sit,
433 905 494 958 494.
512 906 553 958 Ao
563 901 729 958 desiderium
743 901 838 957 induat
849 916 945 957 omues
958 909 1038 958 aetus

57 977 163 1030 externi
177 979 304 1050 malitias,
318 982 380 1049 494.

93 1088 246 1149 distillatio.
272 1094 368 1150 14441444
382 1111 398 1150 4
411 1096 561 1168 pollutione
578 1115 584 1150 :
609 1097 637 1151 in
651 1110 770 1168 4444444444
789 1093 941 1149 consistat:
955 1110 990 1150 444
1009 1102 1038 1151 44

57 1179 195 1241 quatenus
206 1171 242 1227 sit
255 1180 412 1244 peccatum,
428 1177 489 1229 446.

93 1276 175 1333 Dalii
185 1296 270 1337 44444.
294 1282 334 1337 144
350 1298 417 1339 casu
428 1283 503 1339 dubii
518 1294 601 1357 aquo
616 1283 700 1340 luerit
714 1283 805 1354 genita
818 1283 911 1356 proles
926 1283 1037 1339 adulte-

58 1358 129 1426 rina,
145 1362 189 1428 96,
202 1363 247 1415 97.
260 1361 302 1417 144
320 1363 452 1433 petitione
466 1362 551 1419 debiti
563 1364 590 1418 in
604 1363 696 1419 dubiis
708 1363 742 1418 de
755 1363 846 1418 valore
859 1363 1037 1430 matrimonii,

57 1438 122 1493 267.
134 1439 169 1492 V.
183 1437 310 1495 Debitum.

93 1533 213 1590 Durond.
234 1529 381 1594 Contendit
401 1540 609 1598 fornicationem
627 1557 687 1598 esse
701 1546 843 1613 peccatum
862 1540 976 1597 mortale
990 1554 1038 1595 44-

58 1614 200 1672 lummodo
215 1632 249 1671 444
260 1617 323 1687 jure
337 1619 468 1690 positivo,
485 1622 529 1675 47.

88 2046 226 2195 Ι4443445444
246 2050 288 2103 An
310 2049 424 2121 pollutio
446 2056 507 2104 orta
529 2064 563 2104 ex
583 2050 777 2106 ebrietatet
740 2052 777 2107 sit
799 2059 940 2123 peccatum
961 2065 1039 2139 mor-

58 2135 114 2184 tae

95 2235 205 2291 Ebrius
226 2236 286 2290 Non
296 2242 339 2290 est
347 2234 478 2306 obligatio
492 2234 623 2290 reddendi
637 2235 759 2291 debitum
772 2235 858 2305 ebrio,
870 2235 930 2290 287.

94 2332 283 2406 Embrpolopic.
301 2332 417 2389 Raisons
438 2331 472 2389 de
486 2340 584 2389 mettre
603 2349 637 2389 eu
659 2334 776 2400 francais
796 2349 828 2389 ce
842 2334 889 2405 qui
905 2347 1042 2387 concerno

57 2422 104 2472 444
123 2413 231 2468 article.
247 2411 317 2468 D'od
331 2412 425 2468 derivo
439 2428 471 2468 ce
488 2419 553 2483 mot,
569 2412 630 2468 348
645 2414 683 2469 Lo
698 2413 875 2485 baptemeest
864 2411 1042 2467 tndcessaire

56 2511 113 2549 aux
107 2477 237 2548 44444444
247 2492 294 2563 qui
309 2499 415 2547 nesont
426 2507 475 2564 pas
485 2508 584 2547 encore
600 2492 657 2559 444,
672 2496 734 2548 349.
750 2493 816 2547 L'on
832 2508 866 2547 oe
878 2492 931 2546 sait
945 2506 992 2563 pas
1006 2506 1041 2545 au

54 2572 158 2646 justei
173 2572 236 2644 quel
246 2578 369 2627 moment
380 2571 419 2627 144
431 2571 503 2626 letus
517 2580 580 2627 sont
589 2571 717 2627 animes:
735 2572 752 2626 41
766 2579 808 2628 444
820 2570 951 2644 probable
962 2588 998 2642 qo
1001 2570 1043 2627 ’414

59 2657 84 2710 14
105 2658 170 2708 sont
184 2668 236 2723 peu
252 2651 331 2723 apres
352 2650 377 2705 la
390 2652 564 2723 conception,
578 2653 638 2709 330.
655 2652 751 2721 Quaud
762 2659 871 2707 surtout
884 2668 919 2706 on
930 2650 988 2706 doit
1003 2651 1043 2706 les

59 2730 298 2804 reputeranimes,
316 2732 377 2785 33l.
394 2730 413 2784 11
428 2731 652 2804 yaquelqueiois
667 2731 802 2802 plusieurs
813 2731 963 2803 embryons
974 2728 1043 2785 dans

58 2816 101 2869 les
115 2813 220 2867 lausses
235 2810 362 2878 conchae,
380 2814 441 2866 332.
462 2812 528 2883 Voy.
545 2809 635 2866 Fetus.

97 2916 334 2989 Embryonr...Voy.
352 2914 440 2972 Fe'tuc.
469 2994 471 2997 v

97 3025 253 3097 Episcopus.
280 3025 373 3078 Potest
401 3022 656 3096 dispensarecirca
683 3024 908 3097 impedimentum
931 3020 1043 3095 petendi

58 3106 186 3163 debitum
200 3121 233 3159 ex
243 3105 349 3159 incestu
367 3103 541 3174 productum,
553 3105 613 3157 444.

98 3213 235 3286 Equitare.
255 3212 327 3267 Licet
341 3210 465 3281 equitare
479 3225 543 3265 cum
564 3210 724 3282 pollutionis
738 3210 911 3283 praevisione,
923 3208 1004 3265 modo
1019 3209 1044 3266 ei

61 3312 119 3352 non
135 3293 311 3360 assentiatur,
327 3294 371 3345 33.

98 3400 279 3458 Eucharistiae.
296 3402 337 3453 An
356 3399 454 3469 copula
473 3398 625 3469 conjugalis
636 3399 727 3454 obstet
745 3397 925 3453 Eucharistiae
947 3412 1045 3470 recep-

61 3483 144 3552 tioni,
160 3482 222 3538 485.

98 3576 258 3651 Reperiam,
274 3576 317 3631 44.
336 3574 365 3630 V.
383 3572 488 3647 Hymen.

100 3682 257 3742 1444441444.
273 3684 414 3754 impotens
433 3688 475 3736 est
488 3679 599 3753 quando
614 3687 689 3735 caret
704 3685 821 3750 utroque
831 3679 968 3747 testiculo,
982 3679 1042 3734 att.

64 3770 97 3826 V.
112 3762 275 3838 lmpotentio.

954 3865 981 3917 10
