2362 4094
288 199 479 246 ursssararro
498 198 533 244 u.
555 197 650 245 caaur
670 198 704 242 11.
927 174 981 240 tll

15 332 75 397 porc
100 316 249 380 celebrati
270 316 417 397 conjupr'i,
431 316 514 398 quod
529 315 706 396 intelligitur
719 333 789 376 oum
804 313 929 388 ellectu,
957 314 985 373 id

15 411 75 467 vata
85 411 230 489 tempore
244 411 396 467 attentatae
411 406 539 486 copula».
633 411 637 420 '

44 495 81 556 Ut
105 501 216 557 autem
238 494 371 556 solvatur
392 493 620 554 matrimonium
645 493 748 575 sponsi
760 494 862 572 jurare
876 493 988 554 debent

15 598 104 643 auam
127 583 240 663 judice
268 600 425 663 nunquam
454 600 557 643 secrrm
589 581 730 643 habuisse
759 581 899 662 copulam
925 589 988 642 esto

15 667 116 747 pluries
130 672 358 743 attentaverint,
374 670 558 751 illorumque
580 670 786 732 testimonium
800 670 988 732 confirman-

15 755 74 819 dum
101 767 150 821 est
178 778 236 839 per
258 759 478 840 depositionem
501 761 632 838 juratam
657 765 773 839 septem
801 760 989 839 propinquo-

15 864 84 921 rum,
99 856 154 910 aut
175 848 351 911 vicinorum
366 847 454 909 bonae
479 846 568 909 tama
591 846 833 928 propinquorum
857 844 988 923 attactu,

15 933 55 1014 pri
87 946 205 998 omnes
231 935 385 998 declarent
416 935 446 996 id
477 934 641 997 credidisse
677 937 723 996 rel
760 937 799 996 ab
818 936 862 997 eis
900 935 990 997 andi-

15 1021 89 1086 viase.
118 1059 164 1071 -
192 1024 227 1086 Si
241 1024 344 1086 haberi
368 1031 521 1106 nequeant
542 1031 658 1104 septem
684 1025 726 1084 illi
757 1024 919 1104 propinqui
945 1025 990 1082 vot
1044 1040 1046 1045 ⁴

15 1109 103 1182 ricini,
120 1111 252 1174 arbitrio
263 1112 374 1189 jndiois
396 1112 575 1192 relinquitur
588 1113 752 1175 decernere
775 1111 848 1192 quid
864 1112 903 1171 sit
918 1118 991 1172 tunc

15 1198 175 1278 agendum.
206 1201 301 1261 -Si
328 1219 400 1277 vero
427 1200 538 1262 mulier
564 1219 653 1282 quae.
677 1207 816 1280 tempore
845 1203 989 1261 contracti

15 1284 197 1350 matrimonii
213 1288 565 1370 eratvirgo‚allegetviri
581 1290 803 1370 impotentiam,
820 1288 990 1371 adhibenda

15 1381 53 1435 est
65 1375 222 1458 inspectio
236 1377 424 1439 medicorum
440 1384 578 1457 respectu
590 1378 644 1439 viri
659 1385 689 1439 et
711 1385 918 1439 matronarum
935 1396 990 1457 pe-

15 1463 294 1546 ritarumrespectu
309 1466 439 1528 lerninae.
456 1465 498 1526 lta
513 1467 700 1546 probabilius
710 1466 884 1528 Salnrantic.
899 1472 930 1526 et
941 1466 990 1527 alii

15 1557 114 1614 contra
130 1553 288 1616 Pontium.
305 1556 382 1617 Casu
396 1564 500 1616 autem
513 1574 576 1636 quo
592 1555 702 1617 mulier
725 1555 814 1617 suerit
836 1562 990 1635 corrupta.

15 1636 267 1703 sirironntendat
284 1660 351 1703 eam
375 1661 438 1705 ase
461 1642 553 1705 luisse
565 1644 730 1724 cognitam,
746 1644 934 1706 credendum
948 1653 992 1703 ast

17 1732 75 1789 tum
100 1730 208 1810 potius
230 1730 295 1792 viro
317 1730 478 1793 aflivmanti
504 1750 733 1793 consummasse
765 1732 990 1794 matrimonium

17 1833 104 1893 quam
126 1819 248 1880 mulieri
273 1818 311 1880 idt
323 1820 455 1900 neganti.
480 1821 523 1881 lta
544 1838 611 1900 oap.
631 1819 855 1895 continebatur,
872 1821 913 1881 [te
926 1819 991 1880 des-

15 1921 92 1980 pons.
109 1906 225 1988 impub.

51 1995 84 2053 3ο
104 1994 137 2056 Si
164 1994 290 2057 demum
317 2002 446 2078 utraque
477 2014 545 2078 pars
575 1997 702 2058 fateatur
726 1996 989 2077 impedimentum,

18 2082 288 2161 tunc,'juramento
313 2092 380 2166 post
407 2085 589 2147 triennalem
603 2086 818 2166 experientiam
833 2090 939 2146 exacto
953 2086 991 2144 al»

19 2175 144 2250 utroque
157 2173 302 2258 conjuge,
317 2179 346 2235 et
360 2173 491 2235 adhibita
501 2175 629 2255 septima
644 2191 737 2236 manu
748 2174 990 2253 propinquorum

20 2271 51 2316 ea
64 2266 196 2340 utraque
211 2267 307 2340 parte,
334 2261 366 2322 id
378 2268 425 2323 est
437 2261 679 2343 quatuordecim,
696 2261 822 2322 solritur
835 2259 987 2320 matrimo-

21 2343 111 2421 nium,
138 2355 169 2409 et
191 2366 261 2428 pars
284 2348 504 2431 impedimento
515 2342 623 2411 carens
637 2350 675 2411 ad
687 2350 762 2410 alias
776 2347 897 2427 nuptias
912 2347 918 2406 l
932 2347 989 2408 cite

19 2435 162 2509 convolat,
178 2442 267 2517 prout
280 2436 512 2518 etiamutraque
524 2456 594 2519 pars
608 2438 631 2498 si
643 2436 822 2518 impotentia
838 2435 874 2495 sit
889 2435 988 2496 solum

21 2524 179 2601 respectiva
193 2523 230 2584 ad
243 2541 276 2586 se
290 2524 423 2586 invicem
434 2529 454 2583 ¹.

53 2611 114 2671 lltsi
129 2611 346 2699 perjudicium
357 2614 594 2675 ecclesiasticum
619 2614 673 2676 uni
697 2632 880 2694 sponsorum
901 2614 991 2675 luerit

20 2700 199 2772 permissum
222 2699 260 2760 ad
278 2701 353 2761 alias
370 2703 555 2764 transvolare
567 2704 698 2783 nuptias,
710 2703 734 2763 si
748 2708 866 2763 constet
887 2711 990 2783 postca

21 2793 131 2860 partem
146 2806 217 2868 quae
231 2789 382 2868 impotens
401 2790 536 2867 judicata
552 2791 658 2863 luerat,
686 2809 745 2851 non
759 2810 871 2852 revera
898 2791 988 2852 talem

19 2887 89 2951 esse,
106 2875 145 2936 ad
159 2893 228 2937 eam
241 2876 340 2939 redire
354 2877 444 2940 debet
459 2880 570 2957 conjux
584 2881 635 2940 cui
652 2881 837 2958 permissum
865 2880 919 2956 luit
941 2898 988 2939 se-

19 2963 152 3026 candum
172 2965 249 3025 inire
263 2966 440 3046 coniugium
456 2986 463 3026 ι
480 2966 510 3027 id
527 2968 672 3047 probatur
686 2987 753 3049 cap.
770 2969 989 3028 Fraternitatr's

18 3046 74 3122 jam
89 3056 191 3120 citato.
208 3063 239 3115 et
252 3072 320 3134 cap.
336 3054 509 3135 deputasti,
523 3074 614 3118 causa
624 3060 675 3131 33,
690 3076 721 3137 q.
740 3061 767 3128 l,
784 3056 922 3136 quamvis
938 3076 986 3118 re-

21 3135 170 3219 fragentur
183 3141 349 3203 nonnullis
363 3144 504 3224 Loqueux
519 3145 649 3224 allegati,
668 3156 701 3206 n⁰
714 3148 784 3206 853.

55 3228 124 3291 253.
149 3229 208 3291 Sed
222 3230 295 3311 quid
308 3230 427 3293 deoasu
443 3250 516 3313 quo,
537 3233 733 3294 matrimonio
762 3252 815 3312 per
837 3232 985 3314 judicium

22 3313 157 3380 tecleae
171 3318 212 3380 ob
232 3320 447 3381 arctitudinem
469 3321 606 3383 mulieris
626 3327 765 3400 respectu
793 3323 846 3381 viri
875 3322 984 3396 soluto,

50 3529 70 3578 l.
88 3527 114 3579 S.
139 3527 251 3594 Lignea,
265 3527 309 3578 lib.
323 3529 346 3589 t,
365 3540 392 3578 n⁰
412 3530 490 3591 ll033
513 3530 600 3587 Bouia,
614 3532 642 3581 dc
658 3531 749 3588 tractio,
766 3536 782 3579 t.
794 3531 817 3588 2,
833 3548 855 3593 p.
867 3531 984 3588 tad-tam

25 3598 219 3721 ῗιῖαῶξὲαῶιᾶἓίι
239 3599 346 3661 Pontifi,
366 3601 407 3648 pp
428 3602 492 3661 livr.,
511 3603 559 3649 col.
578 3600 702 3683 titi-9302
719 3609 743 3648 et
760 3616 840 3649 rueunr
861 3601 985 3657 Manuale.
