2378 4102
177 117 234 182 tuo
496 130 533 181 lut
553 131 646 182 nuens
666 131 821 182 vulturinis

215 259 284 317 296.
308 257 396 335 Hesp.
425 259 456 316 2⁰
471 256 575 326 Quoad
596 256 725 335 prolem,
742 253 867 336 quidem
883 255 948 317 DD.
964 264 1143 337 negantesse

175 345 292 406 licitum
306 344 426 422 conjugi
443 343 568 405 reddere
588 363 659 406 curn
681 344 775 424 prolis
798 343 927 418 ‹larnn03
945 347 999 406 sed
1014 365 1142 407 contrun-

174 435 253 494 uiter
279 438 308 492 el
329 433 427 493 verius
451 433 617 494 affirmatur
631 435 689 494 lroc
710 452 773 493 non
793 438 1010 509 esscvetitunr‚
1026 437 1103 516 quie„
1117 440 1144 496 ut

173 522 213 582 uit
228 525 257 582 S.
278 522 423 594 Thomas
446 524 613 583 meliorest
638 524 667 583 ez'
692 520 792 603 (proli)
813 541 870 582 esse
895 523 1053 600 infirmum
1066 543 1142 604 quom

172 611 357 690 penitusnon
371 630 436 671 esse.
450 613 515 671 lnro
529 613 686 692 Laynrenn
696 611 769 672 dicit
780 611 862 691 quod
875 611 953 673 bene
962 615 1060 693 possit
1079 632 1143 674 uxor

173 699 309 759 debitum
325 698 462 772 reddere,
489 700 558 760 licet
580 702 618 760 sit
631 708 752 780 experta
772 701 850 761 lilios
872 719 984 780 perere
1005 710 1140 773 mortuns,
1165 720 1166 723 ¹

173 787 245 866 nula
261 805 313 866 per
327 786 467 847 accidens
480 787 546 849 haec
557 807 638 849 mors
652 789 762 862 evenit,
779 795 807 849 et
822 808 917 869 puero
928 790 1042 852 melius
1054 800 1097 851 est
1108 790 1142 850 sic

176 876 267 936 nasci*
281 894 373 954 quarn
400 876 571 938 nullalenus
586 877 714 938 existere
723 898 731 950 3
748 877 801 938 sed
825 878 925 956 plures
941 878 1000 939 hoc
1029 885 1140 957 negant.

176 964 245 1043 quia
259 972 332 1024 tuuc
343 971 437 1024 mator
448 982 559 1043 magno
572 966 640 1026 vitae
655 966 967 1045 periculoexponilur.
983 969 1049 1029 Hoc
1061 968 1140 1029 iidem

175 1060 276 1113 lernen
310 1054 486 1132 permittunt
519 1054 542 1114 si
572 1061 719 1134 perpetuo
756 1055 903 1117 deberent
945 1057 1092 1137 conjuges
1115 1074 1140 1116 se

175 1141 336 1215 abstinere,
348 1141 387 1201 oh
401 1160 548 1222 magnum
562 1143 665 1224 inquo
677 1151 778 1204 essent
792 1144 1020 1205 incontinentiae
1032 1139 1139 1224 pericu·

176 1230 274 1290 lurn¹.

215 1341 283 1398 297.
308 1336 429 1407 Oueeril,
443 1339 476 1395 lo
492 1338 538 1395 An
554 1335 665 1414 conjux
692 1342 830 1398 teneatur
846 1344 896 1398 aut
913 1338 1008 1417 possit
1026 1337 1140 1400 reddere

175 1425 275 1486 illicite
291 1424 428 1505 petenli‘l

215 1525 305 1602 Resp.
332 1526 453 1583 Certum
476 1529 519 1583 est
540 1523 701 1603 conjugem
728 1541 884 1603 nunquam
907 1523 1003 1584 teneri
1027 1523 1139 1585 reddere

176 1630 245 1672 curn
261 1611 383 1690 proprio
398 1619 521 1690 peccato
535 1613 626 1672 etiem
642 1611 760 1683 veniali,
787 1630 858 1674 curu
876 1630 966 1672 uento
980 1613 1074 1691 possit
1085 1629 1139 1673 csse
1165 1676 1166 1679 Ἴ

175 1700 324 1780 obligatus
336 1700 371 1760 ad
388 1701 587 1779 peccandum,

216 1801 323 1860 Utrum
354 1816 424 1857 vero
458 1805 596 1867 teneatur
630 1798 675 1857 vel
704 1798 759 1878 ipsi
788 1799 874 1859 licent
899 1798 1026 1860 reddere
1050 1799 1139 1860 illicite

179 1887 290 1967 pelenti
301 1886 316 1947 ‘l
327 1921 366 1931 -
380 1887 463 1947 Circe
477 1886 553 1947 hanc
568 1888 765 1966 quaestionenr
778 1886 889 1966 duplex
905 1906 993 1947 casus
1008 1887 1138 1966 distingui

176 1977 281 2044 debet:
299 1976 408 2053 conjux
426 1976 506 2035 enirn
522 1982 617 2055 polest
633 1975 734 2036 illicite
748 1981 861 2055 petere,
878 1976 922 2036 vel
941 1994 1012 2036 curn
1029 1982 1139 2055 peccato

177 2067 306 2138 mortali,
324 2069 367 2124 vel
384 2064 578 2125 solurrunodo
593 2083 663 2126 curn
677 2064 797 2125 veniali.

218 2165 251 2224 ln
258 2165 361 2244 primo
386 2181 464 2236 cusu,
481 2163 504 2222 si
520 2163 612 2243 orrlpu
627 2180 659 2223 se
678 2169 760 2222 tenet
773 2179 810 2220 ex
826 2169 908 2239 porte
927 2171 1024 2235 solue,
1037 2183 1062 2222 r.
1079 2182 1105 2242 g.
1119 2161 1138 2221 si

112 2253 113 2256 ’
176 2253 339 2334 ellerpelnt
352 2253 383 2312 in
399 2253 465 2312 loco
485 2269 582 2324 sacro,
598 2257 648 2311 uul
662 2249 799 2339 publico2
813 2257 863 2309 nul
875 2268 946 2309 curn
962 2250 1085 2311 obortus
1097 2256 1139 2311 aul

177 2343 309 2405 sanitatis
322 2346 383 2403 lam
399 2341 527 2421 propriae
540 2357 632 2419 (luant
648 2330 930 2417 alteriufilericulo,
945 2356 1053 2398 ornnes
1075 2356 1138 2399 con·

177 2431 303 2492 veniunt
319 2449 378 2491 non
396 2431 490 2490 teneri
514 2430 688 2506 conjugem,
702 2426 765 2487 imo
781 2444 836 2486 neo
849 2444 935 2505 posse
946 2426 1073 2488 reddere
1085 2429 1139 2489 sine

178 2519 258 2599 gravi
272 2520 375 2599 culpa,
396 2537 466 2580 cunr
481 2526 564 2579 actus
575 2516 618 2576 sit
639 2515 669 2576 iu
686 2533 717 2575 se
733 2513 842 2586 nialus,
868 2533 923 2575 nec
937 2513 1027 2575 hehel
1041 2516 1139 2592 conjux

175 2608 281 2686 jussio
297 2608 415 2688 petendi
432 2610 453 2668 ².

218 2706 248 2766 Si
271 2725 340 2766 rero
364 2704 452 2785 culpe
475 2724 506 2765 se
530 2710 611 2765 tenet
635 2709 770 2782 exparte
791 2718 940 2781 personae,
957 2702 1040 2781 quia,
1057 2722 1081 2762 v.
1102 2721 1136 2782 g.‚

178 2803 284 2875 petens
298 2803 343 2855 est
353 2804 423 2855 voto
448 2793 590 2854 castitatis
612 2791 783 2860 obstrictus
810 2797 860 2850 uut
886 2790 959 2869 petit
973 2790 1010 2849 ad
1027 2805 1137 2870 pravum

179 2885 283 2957 linem,
294 2883 406 2964 duplex
419 2892 491 2944 lunc
506 2889 550 2942 est
562 2879 725 2942 sententie:
744 2877 862 2950 Priene,
880 2896 948 2956 quoe
960 2885 1003 2937 est
1013 2895 1135 2939 conunu-

179 2972 236 3046 nis‚
253 2970 324 3033 dicit
334 2973 496 3051 conjugem
506 2990 567 3031 non
580 2977 698 3030 tanturn
710 2985 799 3048 posse
812 2965 937 3027 reddere
948 2966 999 3026 sed
1015 2964 1137 3028 otiantud

178 3062 207 3123 id
221 3062 328 3136 teneri,
346 3061 416 3141 quie
440 3061 470 3120 in
486 3078 558 3121 casu
574 3066 679 3138 petens
694 3074 755 3116 non
766 3055 866 3116 amisit
876 3055 926 3132 jus
940 3055 1076 3116 debiturn
1090 3052 1137 3114 exi-

178 3151 280 3230 gendi.
300 3185 332 3197 -
354 3148 490 3211 Secundo
511 3147 659 3208 sententia
682 3145 754 3205 dicit
771 3143 908 3204 illicilum
922 3140 1137 3205 essetuncred-

177 3240 259 3316 dere,
286 3239 342 3300 nisi
368 3241 399 3298 in
428 3243 573 3319 potestate
597 3234 725 3314 petentis
746 3232 782 3294 sit
802 3249 834 3292 se
861 3230 989 3292 liberare
1011 3251 1029 3292 a
1055 3228 1137 3291 lelluli

177 3329 415 3401 circumstantie,
433 3334 503 3407 puto
529 3326 551 3386 si
580 3326 713 3402 exigeret
727 3321 765 3383 ud
781 3337 907 3400 pravurn
933 3322 1048 3382 tinem:
1077 3318 1137 3379 ratio

212 3552 234 3600 t.
252 3533 278 3600 s.
293 3552 404 3615 nigror..
416 3549 484 3607 rulo..
499 3558 525 3597 rr
540 3548 595 3597 osr.

212 3620 235 3669 ἓ.
255 3621 280 3670 S.
294 3621 414 3684 Liguor..,
427 3621 496 3677 illd..
508 3621 535 3667 11⁰
545 3619 599 3668 9l3.
634 3622 639 3632 '
