2384 4138
448 163 541 208 carue
562 164 596 210 u.
970 150 1007 206 27

40 281 317 343 consentientenon
328 281 367 342 sit
374 287 531 362 peccatum
541 279 717 341 distinctum
730 297 747 339 a
761 277 892 358 simplici
912 278 1009 340 lomi-

40 371 168 440 catione3
183 369 288 449 sicque
300 369 434 430 sentiunt
442 369 618 429 Dominicus
626 369 708 443 Solo,
717 370 853 439 Navem,
864 366 1007 441 Sancum,

41 458 195 531 lessius,S
219 458 354 538 Lignea„
366 458 453 518 Card.
463 460 601 530 Goussct,
611 463 668 518 etc.
684 458 774 518 Juxta
785 455 839 516 hos
853 455 1009 537 theologos

40 554 175 626 stuprum
189 545 332 607 definitur
348 545 512 606 :Viamata
526 546 653 624 vr'rpr'nr's
666 544 818 625 dellorrdio
834 546 854 605 ¹.

76 635 210 714 Virginis
224 635 347 695 nomine
368 635 399 695 in
415 640 544 715 utraque
565 635 717 695 sententia
735 651 797 694 non
810 651 846 694 ea
860 632 1008 714 iutelligi-

39 730 85 785 tur
96 741 165 804 quae
178 723 320 785 virtutem
342 722 521 803 virginitatis
538 722 576 782 ita
596 722 723 782 servavit
736 727 771 783 ut
788 720 871 782 nullo
885 730 1008 800 peccato

39 811 162 874 luxuriae
176 811 267 871 luerit
280 810 440 882 maculata,
457 811 509 872 sed
525 811 573 872 illa
587 828 657 891 qaae
671 809 847 889 virginitatis
861 811 1007 890 signacu-

39 899 99 961 lum
110 900 220 960 retinet
232 899 397 998 integrum,
413 900 467 961 etsi
483 899 597 980 polluta
618 898 708 960 luerit
723 898 815 959 etiam
828 897 1005 973 voluntarie,

37 987 165 1068 ideoque
179 966 313 1048 amiserit
326 986 560 1049 irrevocabiliter
573 987 715 1048 virtutem
728 985 916 1065 virginitatis.
934 986 1008 1048 Vide

38 1094 126 1155 supra
144 1075 209 1156 (15-
197 1077 276 1151 -.l'll

75 1168 124 1225 ol.
149 1165 270 1225 Certum
281 1164 362 1244 apud
382 1182 490 1226 omnes
503 1171 549 1226 est
562 1163 764 1226 violentam
739 1163 863 1242 virginis
877 1163 1007 1224 dellora-

36 1252 149 1313 tionem
163 1252 327 1332 specialem
339 1259 368 1313 et
381 1252 507 1332 quidem
522 1253 679 1313 mortalem
692 1251 847 1313 continere
862 1251 1006 1312 malitiam

35 1339 222 1401 fornicationi
236 1340 462 1418 superadditam
476 1345 507 1400 et
527 1340 565 1400 ab
587 1340 651 1421 ipsa
667 1340 851 1412 distinctam,
868 1340 930 1400 imo
944 1339 1007 1400 dis·

37 1430 160 1489 tinctam
175 1447 191 1488 a
204 1428 320 1489 malitia
342 1428 495 1507 injustitiae
508 1446 576 1508 quae
593 1430 672 1489 inest
686 1428 877 1489 fornicationi
892 1427 1007 1489 violen-

34 1525 72 1578 tae
93 1523 232 1597 respectu
257 1523 406 1598 corrupte
424 1536 430 1575 :
447 1516 625 1577 inviolenta
642 1517 725 1589 enim
740 1516 865 1595 virginis
876 1515 1007 1577 deflora-

35 1605 115 1666 tione
138 1623 199 1665 non
221 1610 339 1666 tantum
362 1604 395 1663 tit
417 1603 525 1682 puellae
550 1604 670 1684 injuria,
691 1603 776 1664 illam
803 1603 942 1682 cogendo
969 1603 1007 1663 ad

33 1693 222 1792 peccandum
236 1700 344 1753 contra
355 1692 521 1754 castitatem
534 1693 564 1753 in
576 1711 698 1772 genere,
713 1692 765 1754 sed
775 1691 844 1752 illi
837 1693 947 1770 injuria
960 1691 1013 1767 m,

33 1780 89 1859 ipsi
104 1781 260 1873 rapiendo
278 1782 429 1860 integritat
431 1798 479 1840 em
505 1781 692 1859 virginalem,
719 1781 802 1870 quod
822 1788 867 1842 est
890 1780 1007 1842 bonum

33 1860 156 1920 maximi
176 1860 261 1941 pretii
274 1862 355 1941 apud
372 1863 501 1941 puellas,
512 1879 574 1941 quo
593 1867 716 1940 praesert
719 1879 759 1920 mr
705 1860 964 1922 thonorantur
978 1866 1009 1921 ct

32 1949 243 2010 convenientia
271 1949 464 2011 matrimonia
488 1949 605 2010 lucilius
620 1949 675 2010 sibi
696 1953 891 2029 comparant;
917 1965 1007 2026 porro

31 2035 142 2097 ablatio
156 2037 287 2098 violenta
301 2036 374 2097 boni
393 2043 484 2098 tantae
498 2043 528 2098 et
542 2043 603 2096 tam
618 2036 761 2117 legitimae
778 2036 1007 2097 existimationis

32 2124 138 2204 nequit
151 2143 219 2187 esse
233 2125 382 2186 immunis
395 2143 412 2185 a
426 2125 548 2204 speciali
566 2132 596 2185 et
610 2124 726 2185 mortali
742 2124 854 2184 malitia
866 2123 1007 2185 distincta

30 2233 46 2273 a
59 2213 174 2274 malitia
185 2213 405 2287 fornicationis,
421 2214 483 2275 sive
495 2213 664 2274 voluntaria
673 2213 727 2273 ista
737 2212 825 2275 luerit
840 2211 902 2273 sive
915 2212 1007 2273 etiam

28 2301 174 2375 violenta,
189 2321 263 2382 ergo
277 2310 334 2364 etc.

69 2392 166 2452 Porro
185 2408 265 2471 aper
278 2390 490 2452 violentiam..
508 2390 557 2450 hic
572 2388 822 2469 intelligiturnon
837 2390 936 2451 solum
949 2390 1006 2451 vio

32 2501 46 2536 a
68 2477 163 2539 lentia
189 2479 325 2559 physica,
341 2478 394 2541 sed
418 2479 510 2539 etiam
533 2479 667 2544 moralis,
694 2477 792 2557 qualis
814 2484 859 2538 est
881 2477 964 2540 lraus
977 2485 1007 2540 et

30 2590 46 2624 a
67 2574 172 2627 metus
180 2586 190 2640 3
206 2567 279 2627 item
293 2569 477 2646 importunae
487 2583 591 2645 preces
603 2573 632 2626 et
646 2564 811 2634 blanditiae,
827 2584 907 2645 quae,
920 2565 1007 2647 juxta

30 2677 46 2712 a
64 2653 218 2734 judicium
232 2653 431 2736 prudentum,
444 2655 475 2715 in
488 2655 546 2715 hac
556 2653 711 2734 praesertin
727 2653 1006 2727 materia,violeutia

30 2765 47 2801 a
68 2743 228 2804 moraliter
252 2749 444 2823 reputantem
468 2743 574 2822 quales
593 2751 664 2803 sunt
678 2759 722 2803 eae
736 2760 812 2822 quas
823 2742 1007 2803 comitantur

31 2848 182 2911 «magna
200 2831 361 2911 promissa,
384 2830 507 2901 oscula,
531 2837 679 2903 tactus...,
702 2848 737 2890 ac
758 2848 821 2893 uno
844 2830 936 2891 verbo
962 2847 1007 2892 eae

31 2939 46 2976 a
66 2935 178 2980 omnes
199 2917 312 2997 quibus
334 2918 467 2998 ingenua
484 2917 593 2978 mulier
615 2917 704 2978 facile
718 2918 856 2993 resistere
871 2936 933 2979 non
947 2937 1006 2998 po-

32 3026 47 3062 «
68 3013 129 3067 test·
143 3010 165 3066 ¹.
189 3028 204 3063 u

66 3098 119 3156 62.
144 3093 205 3155 Sed
218 3111 256 3154 ex
271 3093 359 3155 dictis
375 3113 466 3174 supra
485 3095 719 3156 controvertitur
732 3113 771 3156 an
795 3094 898 3156 illicita
911 3093 1006 3157 dello·

27 3182 106 3244 ratio
119 3183 247 3262 virginis
256 3182 335 3244 ultro
348 3183 565 3244 consentientis
575 3183 612 3243 sit
628 3184 744 3262 species
759 3183 884 3244 luxuriae
897 3201 914 3244 a
929 3184 1007 3244 sim-

28 3271 101 3351 plici
115 3271 318 3332 fornicatione
330 3270 482 3333 distincta.

58 3438 83 3488 1.
100 3436 183 3488 Etiam
195 3437 220 3487 in
232 3435 280 3487 hac
291 3435 414 3487 sententia
426 3444 539 3502 stuprum
554 3443 591 3488 est
600 3437 716 3488 fornicari
726 3451 782 3486 cum
793 3435 889 3502 virgine
898 3443 1004 3497 amente,

26 3507 157 3641 clorripssapt
168 3508 316 3569 dormiente,
330 3509 388 3573 quia
400 3508 508 3558 violatur
528 3507 582 3559 sinc
605 3509 659 3574 ejus
675 3522 810 3558 consensu
824 3507 861 3567 (Ρ.
874 3507 947 3572 Gury,
960 3508 1004 3565 tl,

27 3579 84 3701 n2⁴
102 3650 217 3714 Billuart,
230 3653 386 3717 delemper,
398 3650 457 3701 diss
473 3651 497 3710 6,
511 3655 556 3699 art
569 3650 593 3709 3,
607 3649 662 3701 dico
676 3650 711 3698 l⁰
