2362 4094
172 213 232 271 tao
498 223 536 267 oa
557 223 652 269 nasos
672 222 825 268 vaunnam.
904 212 906 219 ’

208 348 372 411 Mortaliter
383 364 455 411 vero
470 354 645 429 peccaretur
658 348 682 409 si
707 348 893 429 experientia
906 355 1063 411 constaret
1079 348 1149 410 nihil

168 437 293 499 seminis
308 438 430 500 retineri
445 438 485 500 ob
503 437 704 500 mutationem
730 438 805 499 situs
833 444 957 518 propter
983 437 1149 500 naturalem
1171 460 1173 543 p

168 526 302 607 aliquam
323 526 541 588 infirmitatem
561 562 601 573 -
625 529 736 600 Sacas,
765 526 866 588 sinon
888 526 928 589 ob
951 533 1049 588 mutat
1052 525 1173 587 ionem

169 613 255 690 situs,
270 615 323 676 sed
336 615 376 677 ob
393 615 602 677 infirmitatem
619 615 756 677 mulieris
774 613 833 676 hoo
859 614 1070 696 contingeret:
1040 614 1173 681 tride
1172 626 1173 653 t

169 702 369 785 suprali39).

210 791 241 853 Si
269 800 371 854 autem
397 811 467 873 pars
494 799 614 855 tantum
642 792 767 854 seminis
790 792 830 853 ob
853 791 1056 863 mutationem
1079 793 1173 855 situs

170 881 334 956 decideret,
348 881 467 961 reliquo
480 882 559 943 intra
582 901 633 943 vas
658 881 842 943 sufficienter
859 881 897 947 ad
921 882 1173 982 generationem

170 977 297 1045 retento,
325 970 451 1032 mortale
476 969 599 1071 quidem
622 970 679 1032 hoc
700 970 874 1035 Salmantic.
901 976 1054 1044 asserunt,
1082 970 1173 1065 quial

170 1060 331 1141 prodigere
345 1077 449 1120 semen
466 1059 532 1120 sine
546 1059 718 1121 rationabili
743 1077 834 1122 causa
858 1058 965 1140 nequit
987 1077 1005 1119 a
1034 1034 1173 1135 morati}

171 1147 327 1222 excusari;
344 1150 376 1209 S.
394 1148 517 1228 Liguor.
534 1152 638 1208 tamen
652 1148 798 1209 damnare
810 1165 871 1208 non
886 1145 979 1208 audet
994 1138 1173 1209 Sanchezii

171 1235 548 1317 etquorumdamaliorum
559 1235 915 1297 sententiamdicentium
924 1234 991 1297 hoc
1010 1254 1072 1297 non
1087 1253 1173 1299 csse

173 1325 231 1386 nisi
223 1324 363 1386 'veniale
376 1343 384 1384 ε
398 1343 480 1397 narn,
497 1325 552 1386 etsi
567 1324 695 1405 graviter
709 1326 747 1385 sit
772 1325 912 1389 illicitum
938 1342 1046 1386 semen
1070 1332 1148 1386 extra

172 1432 224 1475 vas
238 1412 432 1475 effundere
409 1431 474 1474 srnc
485 1414 564 1491 justa
579 1431 686 1487 causa,
707 1420 829 1477 nonest
849 1412 930 1475 idem
945 1413 1146 1475 dicendumst

173 1501 364 1584 permittatur
374 1507 491 1562 tantum
505 1508 537 1562 ut
550 1501 690 1563 intrares
702 1520 765 1563 non
778 1502 953 1575 retineatur,
968 1503 1042 1581 qnia
1054 1504 1085 1563 in
1096 1501 1148 1564 hoc

173 1609 246 1652 casu
269 1608 324 1670 per
347 1589 489 1651 accidens
509 1590 568 1652 troc
590 1589 699 1663 evenit,
725 1608 797 1655 cum
823 1590 930 1650 matrix
945 1596 1020 1653 tunc
1033 1578 1173 1665 attrahit

173 1677 255 1757 quod
268 1685 313 1740 cst
322 1677 518 1740 sufficiensad
532 1678 772 1759 generationem,
785 1685 816 1741 et
829 1677 983 1759 reliquum
996 1686 1030 1740 ut
1043 1697 1146 1760 snper·

173 1766 269 1829 iluum
284 1767 390 1846 rejicit.

214 1860 283 1916 277.
308 1858 420 1918 Carere
448 1864 550 1917 autem
575 1857 688 1919 debent
711 1857 886 1921 confessarii
913 1872 951 1918 ne
972 1859 1150 1937 quaestiones

175 1944 377 2024 multiplicent
406 1945 487 2006 circa
511 1946 611 2007 varios
639 1946 730 2009 hosce
759 1946 865 2006 modos
892 1945 1068 2025 copulandi.
1098 1945 1148 2008 Utri

173 2053 261 2095 casus
274 2034 415 2108 occurrit,
424 2034 608 2096 sufficienter
619 2036 699 2096 loono
714 2036 885 2096 animorum
901 2035 1058 2112 providere
1072 2041 1149 2114 pote·
1171 2080 1172 2115 3

174 2129 247 2185 runt
268 2124 291 2183 si
317 2123 391 2184 certi
421 2122 494 2184 fiant
516 2124 685 2185 duntaxat:
709 2129 738 2185 t⁰
758 2123 841 2202 quod
863 2121 991 2201 pollutio
1005 2123 1149 2204 completa
1171 2124 1172 2127 ’

174 2210 262 2271 fuerit
279 2218 362 2271 extra
376 2229 440 2283 vas3
456 2216 486 2271 2⁰
501 2212 583 2291 quod
597 2213 788 2279 intervenerit
800 2212 938 2274 sodomia
952 2217 974 2272 ¹.

218 2304 263 2360 dn
284 2309 386 2361 aulem
410 2302 524 2378 conJux
552 2308 690 2363 teneatur
712 2301 848 2364 debitum
874 2299 1002 2369 reddere
1029 2300 1053 2360 si
1083 2300 1150 2362 aller

176 2388 251 2538 illpd
270 2388 521 2559 (situpnnaturali
553 2398 631 2470 potat
655 2390 770 2471 absque
791 2391 872 2468 justa
895 2408 999 2465 causa,
1020 2388 1149 2451 dicemus

177 2476 207 2538 in
224 2496 254 2538 ra
283 2482 341 2540 298
360 2523 367 2538 .

564 2628 711 2681 PUNGTUM
728 2629 768 2679 tlt.

422 2781 453 2819 Dii
470 2778 660 2820 circumeunte
677 2777 795 2817 rattruuts
812 2778 842 2816 ΕΤ
855 2776 917 2816 LOCl.

218 2937 288 2995 278.
311 2934 355 2994 De
377 2928 603 2994 circumstantia
618 2928 757 2992 locisatis
771 2928 1004 3007 dixirnussupra
1022 2928 1114 3009 (120).

219 3021 322 3096 Quoad
338 3039 409 3082 vero
420 3019 676 3082 circumstantiam
690 3018 846 3098 temporis,
860 3016 905 3076 vrl
919 3022 964 3077 est
976 3019 1147 3097 praegnatia·

180 3110 238 3186 nis,
258 3111 305 3172 vel
333 3108 514 3187 lactationis,
543 3108 589 3170 vel
617 3107 776 3180 menstrui,
807 3106 852 3167 vel
883 3106 1083 3185 purgationis,
1111 3110 1170 3183 vet}

180 3201 307 3277 alicujus
322 3198 461 3272 festival
476 3216 569 3259 sacrae
583 3195 821 3258 communionis.

103 3288 105 3293 ’
220 3294 289 3351 779.
315 3293 346 3350 κ’
359 3287 501 3368 Tempore
519 3285 734 3368 praegnationis
757 3285 838 3346 coire
866 3301 926 3343 non
953 3300 1019 3344 esse
1033 3285 1150 3345 mortale

182 3380 298 3459 quoties
312 3375 397 3439 abest
407 3376 576 3457 periculum
589 3374 712 3436 abortus
722 3380 766 3434 cst
779 3390 955 3434 commune.
981 3373 1103 3432 Constat
1119 3391 1149 3433 ex

182 3470 213 3529 S.
232 3466 412 3548 Augustino,
434 3464 487 3545 qui
513 3464 572 3526 ait:
588 3467 600 3500 ³
618 3462 793 3544 conjugalis
817 3461 984 3523 concubitus
996 3462 1151 3543 generandi

215 3661 239 3709 l.
257 3659 331 3723 Gurg,
343 3658 412 3717 diu,
421 3668 449 3707 n⁰
461 3657 517 3718 ata,
531 3657 567 3709 3⁰.

214 3730 238 3780 2.
256 3731 291 3782 lle
301 3731 371 3780 Bono
381 3729 522 3792 coniugam,
533 3744 556 3779 c.
569 3727 593 3777 6.
