2384 4138
189 212 227 268 ts
507 224 544 270 ur
566 224 658 270 nesus
677 218 832 269 renerus.

188 355 337 400 munem:
355 340 442 414 ratio,
466 342 536 421 quia
552 340 577 400 si
589 339 707 402 licitum
730 339 770 400 sit
788 337 928 400 occidere
948 337 986 398 ed
1011 334 1142 398 tuendu

187 424 334 489 honorem
350 433 378 488 et
391 427 548 489 facultates
561 427 662 509 magni
678 426 838 502 momenti,
855 430 945 507 prout
955 423 1155 487 communit

187 519 308 577 tenetur
322 519 343 591 ¹,
371 517 466 579 multo
490 516 586 596 magis
609 517 639 576 id
665 515 786 578 liceted
812 515 954 578 tuendam
972 512 1127 592 pudicitia
1169 537 1170 540 ¹

187 605 280 665 Secus
294 611 395 666 lernen
410 604 613 678 aliisentiunt,
629 612 661 666 ut
681 606 811 678 Saettler,
830 605 889 665 Di).
908 602 1079 676 couvre-e,
1096 600 1157 682 qui

164 742 166 745 .
187 691 245 752 vita
259 700 303 754 est
316 693 432 755 bonum
448 694 543 774 magis
556 698 700 773 praestans
713 710 804 773 quam
818 690 971 772 pudicitia.

226 790 331 851 Monet
344 792 375 851 S.
394 790 515 871 Lignor.
532 792 543 826 ³
560 790 654 871 quod,
672 808 733 852 non
749 790 848 851 solum
867 787 941 850 dum
966 794 1035 850 actu
1050 788 1140 850 viole

187 881 232 937 ter
246 878 438 958 opprimitur,
451 879 515 961 'sed
539 879 630 940 etiem
650 877 824 940 immediate
846 883 925 958 post,
941 876 1030 937 liceat
1053 875 1159 957 puell

188 961 356 1027 invasorem
368 973 537 1047 pereutere,
550 967 656 1046 alapis,
671 968 793 1048 pugnis,
805 965 893 1040 iuste,
906 966 1037 1027 cleliam
1050 965 1167 1041 ictibu¹

189 1072 250 1114 non
266 1055 464 1135 periculosis:
481 1056 552 1137 quia
567 1056 590 1116 si
605 1054 656 1117 teli
679 1056 769 1116 modo
782 1073 868 1116 suum
886 1052 1118 1136 displicentium
1150 1053 1170 1110 t'

147 1220 149 1224 Ι
186 1145 387 1207 constantiam
406 1161 466 1205 non
488 1144 671 1220 ostenderet,
695 1163 757 1206 non
771 1142 859 1205 facile
879 1144 1000 1204 invasor
1013 1140 1170 1205 discedet

187 1230 366 1293 Hoettmen
379 1237 496 1295 nonest
510 1231 683 1295 laciendum
696 1233 734 1294 ad
748 1231 923 1295 vindictam.

352 1464 359 1472 ·
476 1456 479 1461 ν
535 1429 574 1480 tt.
587 1457 619 1466 —
631 1429 665 1480 lle
677 1428 808 1481 adulterio.

227 1581 276 1639 86.
301 1576 500 1652 Adulterium,
523 1595 587 1652 seu,
611 1584 703 1658 prout
720 1594 834 1640 nomen
853 1580 953 1652 sonet,
973 1577 1114 1638 accessio
1137 1600 1170 1630 ¹r

187 1666 310 1727 alterius
324 1672 436 1742 torum,
451 1664 595 1728 delinitur
611 1688 617 1727 :
638 1667 816 1730 Concubitus
826 1684 1018 1748 personarunt
1033 1683 1139 1745 quoru
1166 1695 1170 1722 ε

186 1755 332 1816 alterutro
348 1754 395 1816 vel
416 1763 539 1836 utroque
558 1757 745 1819 matrimonio
759 1766 800 1818 est
813 1756 989 1836 conjunctu3
1005 1762 1036 1814 et
1050 1750 1169 1834 tripiici

187 1843 279 1905 modo
303 1844 449 1907 committi
465 1850 562 1924 potest
578 1864 586 1905 ε
605 1849 635 1905 i⁰
649 1844 725 1907 dum
748 1845 865 1908 solutus
878 1843 993 1905 accedit
1006 1842 1044 1903 ad
1055 1844 1156 1923 conju
1169 1869 1170 1872 ¹

187 1938 304 2012 gatam3
320 1937 352 1993 2⁰
374 1932 448 1993 dum
472 1932 653 2014 conjugatus
673 1933 789 1996 accedit
811 1931 848 1996 ad
862 1932 1008 2005 solutam3
1030 1935 1065 1992 3⁰
1089 1931 1132 1993 du
1168 1981 1169 1984 ,

184 2020 302 2105 ¹cecedit
322 2021 360 2082 ad
375 2039 438 2082 non
453 2021 508 2082 sibi
523 2023 727 2103 coniugatam.

195 2133 199 2139 ·
224 2123 275 2181 87.
299 2121 332 2181 In
354 2119 477 2200 praelato
503 2119 707 2199 triplicicasu
732 2119 914 2183 adulterium
937 2124 982 2180 est
1001 2118 1169 2199 peccatum

90 2248 94 2255 -
187 2208 318 2288 speciale
333 2208 461 2269 luxuriae
471 2213 500 2269 et
512 2207 638 2288 quidem
652 2208 877 2289 gravissimum.

228 2307 350 2367 Constat
364 2324 400 2367 ex
413 2305 579 2386 Scriptura.
591 2303 709 2369 ¹Dicitur
723 2306 806 2368 enim
827 2305 857 2366 in
881 2305 1055 2380 deuterum,
1068 2323 1100 2367 c.
1112 2309 1165 2385 22,

188 2414 215 2457 v.
232 2399 271 2456 22
284 2415 290 2454 :
309 2395 347 2456 Si
360 2392 518 2456 dormierit
530 2394 578 2455 uir
590 2413 756 2457 eumueore
766 2394 902 2462 ulterius,
915 2402 1040 2475 uterquc
1049 2395 1170 2456 morio·

189 2491 249 2558 tur,
266 2481 299 2543 tt
312 2491 354 2544 est
366 2481 486 2545 adulter
499 2491 529 2544 et
542 2481 700 2552 adulteru;
713 2493 741 2546 et
752 2483 867 2564 anseres
877 2481 988 2544 mulum
1003 2480 1038 2543 de
1052 2481 1164 2545 lsrael.

189 2572 222 2634 ln
236 2572 332 2653 prima
345 2590 417 2634 vero
434 2571 564 2653 Epistola
577 2571 615 2633 ad
638 2571 819 2646 Corinthios,
834 2591 861 2634 c.
881 2575 911 2649 6,
924 2590 952 2633 v.
966 2575 996 2647 9,
1010 2571 1054 2632 sic
1068 2570 1165 2634 habe

188 2666 237 2722 tur
253 2682 260 2721 :
278 2659 376 2723 Nolite
395 2679 504 2722 errore.
532 2657 634 2740 Neque
654 2660 827 2741 fornicarii,
846 2679 936 2742 uepue
958 2659 1096 2723 adulteri
1116 2679 1165 2722 re-

188 2769 280 2830 punm
296 2749 355 2811 Dei
361 2749 555 2831 possidebunt.

228 2847 355 2909 Ratione
377 2846 468 2910 etiam
486 2852 627 2910 constat:
653 2847 837 2910 adulterium
860 2846 944 2911 enim
963 2846 1053 2909 violat
1073 2848 1107 2909 in
1129 2854 1167 2913 're

189 2937 271 3018 gravi
287 2936 337 3016 jus
355 2937 494 3012 alterius,
519 2937 660 3018 conjugis
680 2954 791 3018 nempe
814 2935 953 3011 adulteri,
970 2935 1062 3016 prolis
1080 2937 1170 3001 hono

189 3024 292 3100 otiicit,
309 3024 430 3087 familiae
446 3034 546 3099 nocet,
562 3044 643 3106 saepe
657 3025 798 3088 scandala
813 3025 890 3106 parit
903 3030 933 3087 et
946 3024 1098 3105 querelas,
1115 3026 1166 3087 in*

83 3122 87 3129 ’
190 3131 378 3195 numeroque
395 3112 452 3175 elia
465 3113 561 3195 gignit
575 3114 762 3196 mala,prout
775 3113 950 3195 quotidiana
963 3111 1054 3175 docet
1066 3132 1170 3196 expe*

189 3202 311 3266 rientia.
328 3204 421 3282 Ergo,
435 3208 492 3265 etc.

229 3303 278 3362 88.
304 3302 353 3361 Est
367 3304 526 3383 peecatum
546 3299 584 3363 ab
607 3300 675 3365 eliis
688 3299 817 3363 luxuriat
832 3275 963 3382 peccetis
983 3301 1085 3382 specie
1098 3300 1169 3364 dis«

189 3387 329 3458 tinctum.
343 3406 413 3451 cum
428 3407 466 3452 ex
478 3387 566 3452 dictis
577 3388 739 3471 specialem
748 3388 858 3452 habeat
872 3387 1034 3468 malitiem3
1048 3392 1158 3465 etheo,

221 3590 243 3639 1.
259 3588 330 3650 itta,
342 3600 370 3639 n⁰
381 3589 436 3640 383.

220 3662 244 3779 ξ.
260 3660 317 3783 [idid.
324 3662 451 3782 θοᾳιὲἰθηέο
459 3662 714 3728 Deculopiproecept03
724 3662 771 3714 illl.
784 3662 898 3715 Bourier.
908 3665 1007 3718 Duum.
1020 3666 1156 3720 turtum

238 3769 243 3781 .
288 3745 296 3781 t
314 3769 331 3792 .,
346 3743 373 3782 n⁰
435 3770 441 3782 .
