2384 4138
444 186 537 237 mur
556 188 591 233 n,
968 174 1008 233 69

15 327 31 362 «
53 308 188 365 cretum
201 319 274 363 vero
286 302 430 365 omnibus
443 304 557 385 ubique
576 311 728 367 terrarum
747 303 916 367 ordinariis
927 324 1008 386 prae·

16 414 32 449 «
55 390 147 453 dicta
158 389 335 452 absolvendi
345 391 485 469 facultate
496 392 614 456 donatis
624 394 740 475 absque
753 392 817 455 nlla
829 396 1008 474 exceptione

17 503 33 538 «
58 478 307 560 significandum
323 480 486 543 mandarit.

63 599 82 636 «
105 577 317 649 Quamobrem
336 578 480 640 omnibus
497 578 632 646 locorum
648 578 815 641 ordinariis
829 579 1007 640 enitendum

20 688 36 724 «
59 683 268 746 summopere
292 672 347 740 est,
364 684 402 727 ne
417 683 522 727 eorum
537 666 633 745 rigor,
649 683 718 747 quae
733 668 764 727 in
779 666 922 747 praedicta
932 667 1009 728 Con-

21 777 38 812 «
60 754 227 827 stitutione
241 753 401 816 salubriter
413 754 621 834 providentur,
636 754 781 833 paulatim
796 755 914 835 uspiam
928 755 1009 816 elan-

23 864 39 900 «
61 848 172 921 gueat.
188 845 226 902 At
240 841 480 905 Eminentissimi
493 841 549 903 PP.
560 841 737 904 Cardinales
749 843 889 923 Supremi
904 842 1009 923 lnqui-

23 953 40 987 «
64 931 180 991 sitores
196 948 294 1012 nuper
307 935 516 1011 cognoverunt
529 930 667 991 eamdem
680 929 932 991 Constitutionem
947 948 1007 991 uon

25 1041 40 1077 (ι
63 1017 199 1098 ubique,
215 1019 295 1079 sicut
314 1035 369 1098 par
383 1024 473 1093 esset,
495 1018 666 1080 executioni
688 1017 777 1091 tradi,
797 1024 888 1097 atque
908 1018 938 1078 in
954 1018 1009 1078 «li-

27 1130 42 1164 «
65 1106 187 1187 quibus
210 1105 285 1167 locis
310 1106 489 1179 nonnullos,
512 1114 580 1168 tum
601 1106 633 1168 in
653 1106 894 1182 denuntiationis
916 1124 1009 1179 onere

26 1217 42 1252 «
64 1193 282 1273 adimplendo,
296 1201 362 1256 tum
383 1195 415 1255 in
432 1194 549 1276 judicio
569 1200 675 1255 contra
695 1194 893 1255 sollicitantes
920 1193 1009 1255 insti·

27 1304 43 1339 «
64 1282 198 1354 tuendo,
215 1282 372 1363 irrepsisse
390 1283 518 1358 abusus,
539 1284 592 1363 qui
616 1283 815 1360 sinciustitiae
827 1300 863 1343 ac
877 1282 1010 1362 providae

28 1393 44 1429 «
66 1370 240 1431 severitatis
262 1369 438 1432 discrimine
458 1371 578 1433 tolerari
602 1370 730 1433 minime
753 1378 885 1451 possent.
905 1371 1009 1450 ltaque

30 1481 46 1515 «
68 1476 175 1539 neque
197 1459 457 1540 inopportunum,
482 1477 582 1539 neque
605 1460 678 1539 ipsis
692 1459 828 1521 locurum
844 1458 1010 1524 Ordinariis

30 1569 47 1603 «
68 1547 228 1627 ingratum
244 1546 308 1608 fore
318 1547 506 1628 judicarunt,
523 1548 547 1608 si
562 1549 751 1627 quac'contra
766 1548 888 1609 eosdem
898 1546 1010 1611 abusus

32 1658 47 1692 «
69 1634 109 1695 ab
123 1635 182 1697 bac
199 1637 349 1714 Suprema
372 1635 613 1716 Corrgregatione
635 1637 672 1697 ad
692 1636 826 1697 tramites
852 1652 1008 1696 sacrorum

31 1746 48 1781 «
71 1741 231 1785 canonum
244 1724 363 1785 decreta
381 1723 514 1797 fuerunt,
532 1725 676 1786 inunum
694 1725 819 1786 collecta
836 1742 899 1803 prae
913 1723 1009 1784 oculis
1065 1739 1069 1746 ·

32 1833 47 1867 (ι
69 1810 252 1873 habeantur.
266 1811 311 1873 dd
324 1831 417 1893 quem
426 1809 567 1873 effectum
581 1817 761 1893 praesentern
778 1811 1009 1874 instructionem

32 1922 48 1957 «
70 1899 120 1961 edi
136 1900 333 1962 mandarunt.

74 2002 143 2059 «1⁰
171 1999 331 2071 Personae,
357 2017 418 2061 srre
446 2017 544 2061 mares
571 1999 632 2060 sire
660 1997 792 2070 feminae,
808 2014 1009 2077 quaecumque

34 2108 50 2143 «
70 2086 130 2148 illae
144 2086 216 2157 sint,
234 2086 272 2146 ad
286 2087 384 2167 turpia
408 2088 573 2148 sollicitatae
587 2087 618 2147 in
634 2085 837 2160 confessione,
852 2087 900 2147 vel
920 2104 1009 2147 ‹cca-

34 2196 50 2231 «
70 2175 169 2249 sione,
184 2181 234 2236 aut
248 2180 395 2255 praetextu
413 2175 630 2248 confessionis,
644 2173 901 2254 quemadmodum
926 2190 1008 2236 enu-

35 2262 168 2347 «cleata
184 2263 215 2322 in
231 2269 396 2323 memorata
420 2263 634 2324 constitutione
658 2261 852 2342 praecipitur,
879 2273 944 2337 rem
971 2264 1010 2323 ad

35 2372 51 2407 «
72 2353 213 2412 Sanctam
229 2350 339 2412 Sedern
357 2350 402 2411 vel
415 2352 451 2412 ad
468 2350 525 2412 loci
540 2351 734 2413 Ordinarium
749 2349 867 2411 deferre
886 2347 1006 2412 delient.

75 2460 92 2497 «
109 2443 141 2498 2⁰
150 2438 335 2500 Denuntiare
345 2448 463 2519 oportet
474 2456 700 2518 quemcumque
714 2437 911 2511 sacerdotem,
919 2438 1009 2499 etiarn

37 2549 52 2583 «
68 2526 280 2605 jurisdictione
294 2535 460 2603 carentem,
476 2526 689 2588 sollicitantem
704 2528 735 2586 in
750 2525 951 2598 confessione,
963 2528 1008 2588 rel

38 2638 52 2671 «
72 2616 163 2676 etiarn
178 2613 384 2676 sollicitationi
399 2615 641 2677 consentientem
655 2626 676 2690 ⁴,
692 2613 940 2693 quamvisstatim
951 2614 1009 2675 dis·

37 2728 51 2760 «
72 2704 252 2765 sentientem
267 2703 304 2764 de
317 2703 397 2784 turpi
412 2704 534 2764 uruteria
550 2704 645 2784 loqui,
659 2702 739 2764 illius
748 2703 1007 2782 complementum

39 2815 53 2850 «
73 2791 205 2853 adalind
220 2796 341 2870 ternpus
358 2790 598 2871 differentenr‚]et
613 2809 673 2852 non
687 2792 872 2872 praebentern
885 2791 1008 2854 absolu·

39 2904 53 2938 «
72 2881 187 2942 tionem
202 2879 359 2959 poenitenti
375 2883 398 2941 ².

77 2999 93 3035 «
112 2981 144 3038 3⁰
157 2976 339 3059 Hujusmodi
359 2975 625 3039 decantationesa
646 2977 768 3041 nemine
790 2977 904 3057 absque
920 2977 1009 3058 culpa

41 3088 54 3123 «
74 3065 174 3127 lethali
203 3065 300 3160 omitti
324 3073 461 3146 possunt.
489 3066 552 3140 Qua
579 3066 617 3126 de
645 3083 677 3127 re
696 3067 876 3146 poenitentes
899 3065 1009 3126 debent

67 3306 89 3355 1.
109 3303 216 3355 Proinde
229 3305 367 3368 probabilis
378 3312 422 3355 ant
437 3306 504 3357 licite
515 3305 668 3356 observanda
686 3320 736 3357 non
754 3306 852 3356 ridetur
862 3306 956 3370 opinio,
968 3306 1008 3357 cni

40 3376 142 3426 adbaeret
156 3375 182 3426 S.
197 3375 308 3440 Lignea,
326 3377 370 3427 lib.
384 3377 407 3438 6,
428 3387 455 3425 n⁰
467 3376 522 3437 681,
536 3380 605 3441 juxta
618 3393 692 3443 qnam
706 3393 756 3428 non
776 3383 813 3428 est
825 3376 1009 3428 denuntiandus

41 3447 202 3498 confessarius
222 3446 394 3498 sollicitationi
414 3448 581 3498 consentiens.
592 3477 622 3485 -
635 3449 661 3498 ln
675 3448 722 3500 hoc
736 3448 802 3499 enim
812 3464 881 3510 casu,
894 3447 974 3498 illiciti
985 3452 1009 3500 el

40 3519 154 3570 inlrouesu'
163 3532 290 3569 sermones
300 3519 423 3570 debentur
434 3518 565 3569 occasione
578 3520 750 3570 confessionis.

68 3591 90 3640 2.
109 3609 118 3637 s
133 3591 166 3640 Ex
180 3589 273 3639 declar.
285 3589 334 3639 diei
349 3588 375 3639 11
388 3589 450 3639 febr.
464 3587 533 3647 1661,
550 3590 693 3641 confirmata
707 3591 731 3640 in
743 3590 846 3642 donarit.
860 3591 1009 3647 sienae«-

41 3673 84 3714 TU!
94 3670 260 3713 roemrsn'nm.
276 3679 287 3707 a
