<?xml version="1.0" encoding="UTF-8"?>
<!DOCTYPE html PUBLIC "-//W3C//DTD XHTML 1.0 Transitional//EN"
    "http://www.w3.org/TR/xhtml1/DTD/xhtml1-transitional.dtd">
<html xmlns="http://www.w3.org/1999/xhtml" xml:lang="en" lang="en">
 <head>
  <title>
</title>
<meta http-equiv="Content-Type" content="text/html;charset=utf-8" />
  <meta name='ocr-system' content='tesseract 3.04.00' />
  <meta name='ocr-capabilities' content='ocr_page ocr_carea ocr_par ocr_line ocrx_word'/>
</head>
<body>
  <div class='ocr_page' id='page_1' title='image "./derebusvenereis00craigoog_0022.png"; bbox 0 0 2384 4138; ppageno 0'>
   <div class='ocr_carea' id='block_1_1' title="bbox 455 184 1076 243">
    <p class='ocr_par' dir='ltr' id='par_1_1' title="bbox 455 184 1076 243">
     <span class='ocr_line' id='line_1_1' title="bbox 455 184 1076 243; baseline -0.011 -1"><span class='ocrx_word' id='word_1_1' title='bbox 455 198 549 243; x_wconf 74' lang='lat' dir='ltr'>CAPUT</span> <span class='ocrx_word' id='word_1_2' title='bbox 569 197 603 241; x_wconf 87' lang='lat'>11.</span> <span class='ocrx_word' id='word_1_3' title='bbox 1002 184 1019 239; x_wconf 74' lang='grc' dir='ltr'><strong><em>Ἰ</em></strong></span> <span class='ocrx_word' id='word_1_4' title='bbox 1069 225 1076 233; x_wconf 77' lang='grc'>.</span> 
     </span>
    </p>
   </div>
   <div class='ocr_carea' id='block_1_2' title="bbox 35 313 1100 2769">
    <p class='ocr_par' dir='ltr' id='par_1_2' title="bbox 35 313 1100 573">
     <span class='ocr_line' id='line_1_2' title="bbox 39 313 1022 396; baseline 0.004 -23"><span class='ocrx_word' id='word_1_5' title='bbox 39 313 129 374; x_wconf 68' lang='lat' dir='ltr'>tntis?</span> <span class='ocrx_word' id='word_1_6' title='bbox 155 347 192 359; x_wconf 94' lang='lat'><em>-</em></span> <span class='ocrx_word' id='word_1_7' title='bbox 215 314 424 393; x_wconf 68' lang='lat' dir='ltr'>despondetur</span> <span class='ocrx_word' id='word_1_8' title='bbox 452 316 603 396; x_wconf 75' lang='lat' dir='ltr'>negative,</span> <span class='ocrx_word' id='word_1_9' title='bbox 625 315 651 376; x_wconf 88' lang='lat' dir='ltr'>si</span> <span class='ocrx_word' id='word_1_10' title='bbox 676 315 795 377; x_wconf 74' lang='lat' dir='ltr'>violatio</span> <span class='ocrx_word' id='word_1_11' title='bbox 820 323 873 377; x_wconf 84' lang='lat' dir='ltr'>aut</span> <span class='ocrx_word' id='word_1_12' title='bbox 896 314 1022 395; x_wconf 85' lang='lat' dir='ltr'>pollutio</span> 
     </span>
     <span class='ocr_line' id='line_1_3' title="bbox 38 398 1100 481; baseline 0.004 -21"><span class='ocrx_word' id='word_1_13' title='bbox 38 398 129 462; x_wconf 84' lang='lat' dir='ltr'>fuerit</span> <span class='ocrx_word' id='word_1_14' title='bbox 143 420 272 481; x_wconf 82' lang='lat' dir='ltr'>promus</span> <span class='ocrx_word' id='word_1_15' title='bbox 284 403 496 480; x_wconf 78' lang='lat' dir='ltr'>involuntarie,</span> <span class='ocrx_word' id='word_1_16' title='bbox 518 421 578 464; x_wconf 93' lang='lat' dir='ltr'>non</span> <span class='ocrx_word' id='word_1_17' title='bbox 594 403 694 465; x_wconf 85' lang='lat' dir='ltr'>sotum</span> <span class='ocrx_word' id='word_1_18' title='bbox 709 404 739 464; x_wconf 92' lang='lat' dir='ltr'>in</span> <span class='ocrx_word' id='word_1_19' title='bbox 754 421 797 477; x_wconf 84' lang='lat' dir='ltr'>se,</span> <span class='ocrx_word' id='word_1_20' title='bbox 814 402 867 464; x_wconf 88' lang='lat' dir='ltr'>sed</span> <span class='ocrx_word' id='word_1_21' title='bbox 883 402 975 465; x_wconf 82' lang='lat' dir='ltr'>etium</span> <span class='ocrx_word' id='word_1_22' title='bbox 990 403 1021 464; x_wconf 94' lang='lat' dir='ltr'>in</span> <span class='ocrx_word' id='word_1_23' title='bbox 1098 438 1100 441; x_wconf 34' lang='lat' dir='ltr'>v</span> 
     </span>
     <span class='ocr_line' id='line_1_4' title="bbox 35 488 1021 573; baseline 0.005 -24"><span class='ocrx_word' id='word_1_24' title='bbox 35 505 131 550; x_wconf 80' lang='lat' dir='ltr'>ceusu</span> <span class='ocrx_word' id='word_1_25' title='bbox 143 488 247 569; x_wconf 89' lang='lat' dir='ltr'>(secus</span> <span class='ocrx_word' id='word_1_26' title='bbox 260 498 305 552; x_wconf 90' lang='lat' dir='ltr'>est</span> <span class='ocrx_word' id='word_1_27' title='bbox 320 488 496 567; x_wconf 89' lang='lat' dir='ltr'>dicendum,</span> <span class='ocrx_word' id='word_1_28' title='bbox 512 496 547 553; x_wconf 90' lang='lat' dir='ltr'>ut</span> <span class='ocrx_word' id='word_1_29' title='bbox 560 491 690 553; x_wconf 81' lang='lat' dir='ltr'>diximus</span> <span class='ocrx_word' id='word_1_30' title='bbox 704 509 795 571; x_wconf 81' lang='lat' dir='ltr'>supra</span> <span class='ocrx_word' id='word_1_31' title='bbox 809 503 844 552; x_wconf 87' lang='lat' dir='ltr'>n⁰</span> <span class='ocrx_word' id='word_1_32' title='bbox 858 495 907 566; x_wconf 86' lang='lat' dir='ltr'>tt,</span> <span class='ocrx_word' id='word_1_33' title='bbox 921 491 1021 573; x_wconf 78' lang='lat' dir='ltr'>quood</span> 
     </span>
    </p>

    <p class='ocr_par' dir='ltr' id='par_1_3' title="bbox 38 575 1022 660">
     <span class='ocr_line' id='line_1_5' title="bbox 38 575 1022 660; baseline 0.007 -25"><span class='ocrx_word' id='word_1_34' title='bbox 38 575 251 656; x_wconf 80' lang='lat' dir='ltr'>virginitatem</span> <span class='ocrx_word' id='word_1_35' title='bbox 266 578 442 640; x_wconf 75' lang='lat' dir='ltr'>naturaliter</span> <span class='ocrx_word' id='word_1_36' title='bbox 456 580 634 660; x_wconf 81' lang='lat' dir='ltr'>sumptum).</span> <span class='ocrx_word' id='word_1_37' title='bbox 651 580 681 641; x_wconf 91' lang='lat' dir='ltr'>Si</span> <span class='ocrx_word' id='word_1_38' title='bbox 698 597 781 654; x_wconf 90' lang='lat' dir='ltr'>vero,</span> <span class='ocrx_word' id='word_1_39' title='bbox 797 597 869 641; x_wconf 87' lang='lat' dir='ltr'>eum</span> <span class='ocrx_word' id='word_1_40' title='bbox 884 579 923 641; x_wconf 85' lang='lat' dir='ltr'>eit</span> <span class='ocrx_word' id='word_1_41' title='bbox 936 579 1022 642; x_wconf 87' lang='lat' dir='ltr'>invo-</span> 
     </span>
    </p>

    <p class='ocr_par' dir='ltr' id='par_1_4' title="bbox 40 664 1023 748">
     <span class='ocr_line' id='line_1_6' title="bbox 40 664 1023 748; baseline 0.005 -24"><span class='ocrx_word' id='word_1_42' title='bbox 40 664 179 726; x_wconf 83' lang='lat' dir='ltr'>luntaria</span> <span class='ocrx_word' id='word_1_43' title='bbox 194 667 225 727; x_wconf 90' lang='lat' dir='ltr'>in</span> <span class='ocrx_word' id='word_1_44' title='bbox 238 684 347 741; x_wconf 77' lang='lat' dir='ltr'>ceusu,</span> <span class='ocrx_word' id='word_1_45' title='bbox 373 674 440 747; x_wconf 85' lang='lat' dir='ltr'>post</span> <span class='ocrx_word' id='word_1_46' title='bbox 465 667 578 729; x_wconf 83' lang='lat' dir='ltr'>iactum</span> <span class='ocrx_word' id='word_1_47' title='bbox 595 678 697 729; x_wconf 84' lang='lat' dir='ltr'>tumen</span> <span class='ocrx_word' id='word_1_48' title='bbox 721 667 853 748; x_wconf 79' lang='lat' dir='ltr'>placcat,</span> <span class='ocrx_word' id='word_1_49' title='bbox 869 667 1023 748; x_wconf 78' lang='lat' dir='ltr'>virginitas</span> 
     </span>
    </p>

    <p class='ocr_par' dir='ltr' id='par_1_5' title="bbox 38 751 1025 837">
     <span class='ocr_line' id='line_1_7' title="bbox 38 751 1025 837; baseline 0.005 -24"><span class='ocrx_word' id='word_1_50' title='bbox 38 751 170 832; x_wconf 83' lang='lat' dir='ltr'>quidem</span> <span class='ocrx_word' id='word_1_51' title='bbox 182 754 402 832; x_wconf 79' lang='lat' dir='ltr'>emittitur,sed</span> <span class='ocrx_word' id='word_1_52' title='bbox 417 755 622 836; x_wconf 77' lang='lat' dir='ltr'>repnruhiiiter</span> <span class='ocrx_word' id='word_1_53' title='bbox 638 773 690 835; x_wconf 84' lang='lat' dir='ltr'>per</span> <span class='ocrx_word' id='word_1_54' title='bbox 703 755 912 837; x_wconf 72' lang='lat' dir='ltr'>poenitentium</span> <span class='ocrx_word' id='word_1_55' title='bbox 928 775 936 816; x_wconf 75' lang='grc' dir='ltr'><strong>ε</strong></span> <span class='ocrx_word' id='word_1_56' title='bbox 952 754 1025 837; x_wconf 79' lang='lat' dir='ltr'>quia</span> 
     </span>
    </p>

    <p class='ocr_par' dir='ltr' id='par_1_6' title="bbox 40 841 1023 923">
     <span class='ocr_line' id='line_1_8' title="bbox 40 841 1023 923; baseline 0.003 -21"><span class='ocrx_word' id='word_1_57' title='bbox 40 841 224 922; x_wconf 82' lang='lat' dir='ltr'><strong>approbatio</strong></span> <span class='ocrx_word' id='word_1_58' title='bbox 244 843 435 923; x_wconf 86' lang='lat' dir='ltr'>subsequens</span> <span class='ocrx_word' id='word_1_59' title='bbox 454 862 515 905; x_wconf 92' lang='lat' dir='ltr'>non</span> <span class='ocrx_word' id='word_1_60' title='bbox 535 842 606 905; x_wconf 79' lang='lat' dir='ltr'>tacit</span> <span class='ocrx_word' id='word_1_61' title='bbox 620 844 823 906; x_wconf 75' lang='lat' dir='ltr'>voluntarium</span> <span class='ocrx_word' id='word_1_62' title='bbox 840 861 907 906; x_wconf 85' lang='lat' dir='ltr'>esse</span> <span class='ocrx_word' id='word_1_63' title='bbox 921 850 1023 906; x_wconf 83' lang='lat' dir='ltr'>ectum</span> 
     </span>
    </p>

    <p class='ocr_par' dir='ltr' id='par_1_7' title="bbox 41 925 1023 1012">
     <span class='ocr_line' id='line_1_9' title="bbox 41 925 1023 1012; baseline 0.003 -22"><span class='ocrx_word' id='word_1_64' title='bbox 41 931 251 1009; x_wconf 84' lang='lat' dir='ltr'>praeteritum,</span> <span class='ocrx_word' id='word_1_65' title='bbox 268 948 324 993; x_wconf 91' lang='lat' dir='ltr'>nec</span> <span class='ocrx_word' id='word_1_66' title='bbox 336 931 373 991; x_wconf 91' lang='lat' dir='ltr'>de</span> <span class='ocrx_word' id='word_1_67' title='bbox 385 930 462 1012; x_wconf 74' lang='lat' dir='ltr'>fecto</span> <span class='ocrx_word' id='word_1_68' title='bbox 483 930 599 993; x_wconf 78' lang='lat' dir='ltr'>inducit</span> <span class='ocrx_word' id='word_1_69' title='bbox 611 925 839 1011; x_wconf 65' lang='lat' dir='ltr'>corruptionem</span> <span class='ocrx_word' id='word_1_70' title='bbox 860 932 948 1010; x_wconf 86' lang='lat' dir='ltr'>enjus</span> <span class='ocrx_word' id='word_1_71' title='bbox 962 931 1023 993; x_wconf 86' lang='lat' dir='ltr'>im-</span> 
     </span>
    </p>

    <p class='ocr_par' dir='ltr' id='par_1_8' title="bbox 43 1018 731 1099">
     <span class='ocr_line' id='line_1_10' title="bbox 43 1018 731 1099; baseline 0.003 -21"><span class='ocrx_word' id='word_1_72' title='bbox 43 1019 182 1080; x_wconf 82' lang='lat' dir='ltr'>munitus</span> <span class='ocrx_word' id='word_1_73' title='bbox 196 1018 234 1079; x_wconf 87' lang='lat' dir='ltr'>sit</span> <span class='ocrx_word' id='word_1_74' title='bbox 249 1018 404 1080; x_wconf 78' lang='lat' dir='ltr'>nruteriaie</span> <span class='ocrx_word' id='word_1_75' title='bbox 417 1019 607 1099; x_wconf 77' lang='lat' dir='ltr'>virginitatis.</span> <span class='ocrx_word' id='word_1_76' title='bbox 626 1018 731 1099; x_wconf 83' lang='lat' dir='ltr'>(Ibid.)</span> 
     </span>
    </p>

    <p class='ocr_par' dir='ltr' id='par_1_9' title="bbox 43 1106 1050 1892">
     <span class='ocr_line' id='line_1_11' title="bbox 81 1106 1023 1188; baseline -0.001 -19"><span class='ocrx_word' id='word_1_77' title='bbox 81 1111 136 1173; x_wconf 73' lang='lat'>22.</span> <span class='ocrx_word' id='word_1_78' title='bbox 160 1108 207 1167; x_wconf 86' lang='lat' dir='ltr'>Ex</span> <span class='ocrx_word' id='word_1_79' title='bbox 221 1106 268 1169; x_wconf 87' lang='lat' dir='ltr'>his</span> <span class='ocrx_word' id='word_1_80' title='bbox 281 1115 362 1188; x_wconf 81' lang='lat' dir='ltr'>potet</span> <span class='ocrx_word' id='word_1_81' title='bbox 374 1107 528 1188; x_wconf 78' lang='lat' dir='ltr'>duplicem</span> <span class='ocrx_word' id='word_1_82' title='bbox 542 1126 608 1169; x_wconf 86' lang='lat' dir='ltr'>csso</span> <span class='ocrx_word' id='word_1_83' title='bbox 622 1108 838 1188; x_wconf 78' lang='lat' dir='ltr'>virginitatem,</span> <span class='ocrx_word' id='word_1_84' title='bbox 854 1126 948 1169; x_wconf 81' lang='lat' dir='ltr'>unum</span> <span class='ocrx_word' id='word_1_85' title='bbox 956 1126 1023 1170; x_wconf 83' lang='lat' dir='ltr'>cer-</span> 
     </span>
     <span class='ocr_line' id='line_1_12' title="bbox 44 1193 1023 1277; baseline 0.003 -23"><span class='ocrx_word' id='word_1_86' title='bbox 44 1193 102 1269; x_wconf 81' lang='lat' dir='ltr'>nis,</span> <span class='ocrx_word' id='word_1_87' title='bbox 119 1195 252 1256; x_wconf 79' lang='lat' dir='ltr'>alteram</span> <span class='ocrx_word' id='word_1_88' title='bbox 264 1195 357 1256; x_wconf 82' lang='lat' dir='ltr'>animi</span> <span class='ocrx_word' id='word_1_89' title='bbox 369 1201 399 1256; x_wconf 84' lang='lat' dir='ltr'>et</span> <span class='ocrx_word' id='word_1_90' title='bbox 414 1195 558 1276; x_wconf 79' lang='lat' dir='ltr'>propositi</span> <span class='ocrx_word' id='word_1_91' title='bbox 577 1215 585 1255; x_wconf 74' lang='grc' dir='ltr'>ε</span> <span class='ocrx_word' id='word_1_92' title='bbox 601 1196 912 1276; x_wconf 79' lang='lat' dir='ltr'>viointneutemvirgo</span> <span class='ocrx_word' id='word_1_93' title='bbox 923 1196 1023 1277; x_wconf 80' lang='lat' dir='ltr'>quood</span> 
     </span>
     <span class='ocr_line' id='line_1_13' title="bbox 43 1283 1027 1364; baseline 0.003 -21"><span class='ocrx_word' id='word_1_94' title='bbox 43 1299 171 1344; x_wconf 85' lang='lat' dir='ltr'>curnem</span> <span class='ocrx_word' id='word_1_95' title='bbox 201 1288 297 1363; x_wconf 88' lang='lat' dir='ltr'>potest</span> <span class='ocrx_word' id='word_1_96' title='bbox 326 1283 456 1346; x_wconf 86' lang='lat' dir='ltr'>retinere</span> <span class='ocrx_word' id='word_1_97' title='bbox 477 1283 597 1345; x_wconf 81' lang='lat' dir='ltr'>taudem</span> <span class='ocrx_word' id='word_1_98' title='bbox 621 1290 651 1345; x_wconf 85' lang='lat' dir='ltr'>et</span> <span class='ocrx_word' id='word_1_99' title='bbox 676 1283 860 1363; x_wconf 70' lang='lat' dir='ltr'>punctioni,</span> <span class='ocrx_word' id='word_1_100' title='bbox 887 1283 1027 1364; x_wconf 81' lang='lat' dir='ltr'>quamvis</span> 
     </span>
     <span class='ocr_line' id='line_1_14' title="bbox 43 1369 1026 1434; baseline 0.001 -2"><span class='ocrx_word' id='word_1_101' title='bbox 43 1369 201 1433; x_wconf 81' lang='lat' dir='ltr'>eductum</span> <span class='ocrx_word' id='word_1_102' title='bbox 214 1371 450 1433; x_wconf 79' lang='lat' dir='ltr'>consecrationis</span> <span class='ocrx_word' id='word_1_103' title='bbox 473 1390 535 1434; x_wconf 89' lang='lat' dir='ltr'>non</span> <span class='ocrx_word' id='word_1_104' title='bbox 558 1373 597 1433; x_wconf 88' lang='lat' dir='ltr'>sit</span> <span class='ocrx_word' id='word_1_105' title='bbox 610 1371 795 1433; x_wconf 78' lang='lat' dir='ltr'>admittendo</span> <span class='ocrx_word' id='word_1_106' title='bbox 808 1390 846 1433; x_wconf 87' lang='lat' dir='ltr'>cx</span> <span class='ocrx_word' id='word_1_107' title='bbox 860 1390 929 1434; x_wconf 82' lang='lat' dir='ltr'>cen.</span> <span class='ocrx_word' id='word_1_108' title='bbox 947 1371 1026 1433; x_wconf 84' lang='lat' dir='ltr'>Aec-</span> 
     </span>
     <span class='ocr_line' id='line_1_15' title="bbox 45 1458 1050 1540; baseline 0.005 -23"><span class='ocrx_word' id='word_1_109' title='bbox 45 1459 122 1534; x_wconf 80' lang='lat' dir='ltr'>tt&#39;nu,</span> <span class='ocrx_word' id='word_1_110' title='bbox 151 1458 223 1519; x_wconf 87' lang='lat' dir='ltr'>dist.</span> <span class='ocrx_word' id='word_1_111' title='bbox 249 1462 298 1520; x_wconf 74' lang='lat'>26.</span> <span class='ocrx_word' id='word_1_112' title='bbox 325 1458 457 1520; x_wconf 81' lang='lat' dir='ltr'>Econtru</span> <span class='ocrx_word' id='word_1_113' title='bbox 479 1461 740 1522; x_wconf 84' lang='lat' dir='ltr'>consecrationem</span> <span class='ocrx_word' id='word_1_114' title='bbox 765 1461 903 1539; x_wconf 81' lang='lat' dir='ltr'>accipere</span> <span class='ocrx_word' id='word_1_115' title='bbox 929 1465 1050 1540; x_wconf 83' lang='lat' dir='ltr'>potest.</span> 
     </span>
     <span class='ocr_line' id='line_1_16' title="bbox 46 1546 1027 1629; baseline 0.002 -21"><span class='ocrx_word' id='word_1_116' title='bbox 46 1546 131 1628; x_wconf 83' lang='lat' dir='ltr'>virgo</span> <span class='ocrx_word' id='word_1_117' title='bbox 152 1565 224 1627; x_wconf 86' lang='lat' dir='ltr'>quae</span> <span class='ocrx_word' id='word_1_118' title='bbox 244 1546 344 1608; x_wconf 85' lang='lat' dir='ltr'>amisit</span> <span class='ocrx_word' id='word_1_119' title='bbox 365 1550 508 1609; x_wconf 80' lang='lat' dir='ltr'>virtutem</span> <span class='ocrx_word' id='word_1_120' title='bbox 530 1548 724 1626; x_wconf 82' lang='lat' dir='ltr'>virginitatis,</span> <span class='ocrx_word' id='word_1_121' title='bbox 746 1547 771 1608; x_wconf 85' lang='lat' dir='ltr'>si</span> <span class='ocrx_word' id='word_1_122' title='bbox 792 1547 892 1610; x_wconf 88' lang='lat' dir='ltr'>udhuc</span> <span class='ocrx_word' id='word_1_123' title='bbox 909 1549 1027 1629; x_wconf 80' lang='lat' dir='ltr'>integro</span> 
     </span>
     <span class='ocr_line' id='line_1_17' title="bbox 47 1634 1028 1716; baseline 0.001 -20"><span class='ocrx_word' id='word_1_124' title='bbox 47 1642 224 1711; x_wconf 57' lang='lat' dir='ltr'>remaneam</span> <span class='ocrx_word' id='word_1_125' title='bbox 240 1634 457 1698; x_wconf 79' lang='lat' dir='ltr'>sedeureoiem</span> <span class='ocrx_word' id='word_1_126' title='bbox 470 1654 533 1697; x_wconf 90' lang='lat' dir='ltr'>non</span> <span class='ocrx_word' id='word_1_127' title='bbox 546 1635 681 1715; x_wconf 78' lang='lat' dir='ltr'>recipiet,</span> <span class='ocrx_word' id='word_1_128' title='bbox 695 1636 753 1698; x_wconf 91' lang='lat' dir='ltr'>nisi</span> <span class='ocrx_word' id='word_1_129' title='bbox 767 1654 841 1698; x_wconf 77' lang='lat' dir='ltr'>omn</span> <span class='ocrx_word' id='word_1_130' title='bbox 869 1654 931 1716; x_wconf 88' lang='lat' dir='ltr'>quc</span> <span class='ocrx_word' id='word_1_131' title='bbox 941 1653 1028 1697; x_wconf 86' lang='lat' dir='ltr'>recu-</span> 
     </span>
     <span class='ocr_line' id='line_1_18' title="bbox 48 1721 1028 1804; baseline 0 -20"><span class='ocrx_word' id='word_1_132' title='bbox 48 1725 182 1801; x_wconf 81' lang='lat' dir='ltr'>perarit,</span> <span class='ocrx_word' id='word_1_133' title='bbox 204 1723 230 1785; x_wconf 91' lang='lat' dir='ltr'>si</span> <span class='ocrx_word' id='word_1_134' title='bbox 243 1722 343 1786; x_wconf 85' lang='lat' dir='ltr'>adhuc</span> <span class='ocrx_word' id='word_1_135' title='bbox 359 1723 417 1804; x_wconf 88' lang='lat' dir='ltr'>ipsi</span> <span class='ocrx_word' id='word_1_136' title='bbox 438 1723 537 1797; x_wconf 79' lang='lat' dir='ltr'>iiceet,</span> <span class='ocrx_word' id='word_1_137' title='bbox 554 1724 755 1804; x_wconf 79' lang='lat' dir='ltr'>virginitatem</span> <span class='ocrx_word' id='word_1_138' title='bbox 774 1724 928 1785; x_wconf 82' lang='lat' dir='ltr'>emissem.</span> <span class='ocrx_word' id='word_1_139' title='bbox 955 1721 1028 1784; x_wconf 84' lang='lat' dir='ltr'>vide</span> 
     </span>
     <span class='ocr_line' id='line_1_19' title="bbox 48 1810 765 1892; baseline -0.001 -19"><span class='ocrx_word' id='word_1_140' title='bbox 48 1811 198 1892; x_wconf 70' lang='lat' dir='ltr'>hayman,</span> <span class='ocrx_word' id='word_1_141' title='bbox 221 1811 272 1873; x_wconf 81' lang='lat' dir='ltr'>tiu.</span> <span class='ocrx_word' id='word_1_142' title='bbox 288 1816 319 1886; x_wconf 87' lang='lat'>3,</span> <span class='ocrx_word' id='word_1_143' title='bbox 335 1818 407 1874; x_wconf 78' lang='lat' dir='ltr'>sect.</span> <span class='ocrx_word' id='word_1_144' title='bbox 424 1817 455 1886; x_wconf 75' lang='lat' dir='ltr'>t,</span> <span class='ocrx_word' id='word_1_145' title='bbox 470 1810 511 1873; x_wconf 85' lang='lat' dir='ltr'>De</span> <span class='ocrx_word' id='word_1_146' title='bbox 525 1811 674 1892; x_wconf 66' lang='lat' dir='ltr'>Temper,</span> <span class='ocrx_word' id='word_1_147' title='bbox 689 1816 724 1874; x_wconf 82' lang='lat'>11⁰</span> <span class='ocrx_word' id='word_1_148' title='bbox 735 1815 765 1876; x_wconf 90' lang='lat'>8.</span> 
     </span>
    </p>

    <p class='ocr_par' dir='ltr' id='par_1_10' title="bbox 51 1898 1031 2769">
     <span class='ocr_line' id='line_1_20' title="bbox 88 1898 1029 1982; baseline -0.002 -20"><span class='ocrx_word' id='word_1_149' title='bbox 88 1902 140 1962; x_wconf 82' lang='lat'>23.</span> <span class='ocrx_word' id='word_1_150' title='bbox 164 1902 232 1961; x_wconf 91' lang='lat' dir='ltr'>Non</span> <span class='ocrx_word' id='word_1_151' title='bbox 248 1898 448 1982; x_wconf 83' lang='lat' dir='ltr'>expendimus</span> <span class='ocrx_word' id='word_1_152' title='bbox 460 1901 663 1981; x_wconf 66' lang='lat' dir='ltr'>quaestionem</span> <span class='ocrx_word' id='word_1_153' title='bbox 675 1918 714 1962; x_wconf 86' lang='lat' dir='ltr'>un</span> <span class='ocrx_word' id='word_1_154' title='bbox 728 1899 883 1980; x_wconf 80' lang='lat' dir='ltr'>virginitas</span> <span class='ocrx_word' id='word_1_155' title='bbox 896 1918 952 1981; x_wconf 80' lang='lat' dir='ltr'>pro</span> <span class='ocrx_word' id='word_1_156' title='bbox 964 1901 1029 1961; x_wconf 83' lang='lat' dir='ltr'>Deo</span> 
     </span>
     <span class='ocr_line' id='line_1_21' title="bbox 51 1987 1029 2070; baseline 0 -22"><span class='ocrx_word' id='word_1_157' title='bbox 51 1998 193 2068; x_wconf 84' lang='lat' dir='ltr'>susceptu</span> <span class='ocrx_word' id='word_1_158' title='bbox 206 1989 245 2052; x_wconf 79' lang='lat' dir='ltr'>eit</span> <span class='ocrx_word' id='word_1_159' title='bbox 269 1989 362 2061; x_wconf 78' lang='lat' dir='ltr'>licite,</span> <span class='ocrx_word' id='word_1_160' title='bbox 381 2007 417 2051; x_wconf 83' lang='lat' dir='ltr'>ec</span> <span class='ocrx_word' id='word_1_161' title='bbox 432 1988 627 2051; x_wconf 84' lang='lat' dir='ltr'>matrimonio</span> <span class='ocrx_word' id='word_1_162' title='bbox 648 1987 774 2064; x_wconf 58' lang='lat' dir='ltr'>metium</span> <span class='ocrx_word' id='word_1_163' title='bbox 801 1989 860 2050; x_wconf 88' lang='lat' dir='ltr'>hoc</span> <span class='ocrx_word' id='word_1_164' title='bbox 879 1996 1029 2070; x_wconf 77' lang='lat' dir='ltr'>negarunt</span> 
     </span>
     <span class='ocr_line' id='line_1_22' title="bbox 52 2074 1029 2158; baseline 0 -22"><span class='ocrx_word' id='word_1_165' title='bbox 52 2075 178 2154; x_wconf 88' lang='lat' dir='ltr'>quidem</span> <span class='ocrx_word' id='word_1_166' title='bbox 200 2077 349 2139; x_wconf 85' lang='lat' dir='ltr'>Lutherus</span> <span class='ocrx_word' id='word_1_167' title='bbox 367 2077 493 2158; x_wconf 75' lang='lat' dir='ltr'>eiusque</span> <span class='ocrx_word' id='word_1_168' title='bbox 507 2095 669 2157; x_wconf 60' lang='lat' dir='ltr'>sequacem</span> <span class='ocrx_word' id='word_1_169' title='bbox 689 2074 743 2137; x_wconf 82' lang='lat' dir='ltr'>sed</span> <span class='ocrx_word' id='word_1_170' title='bbox 762 2076 833 2137; x_wconf 87' lang='lat' dir='ltr'>setis</span> <span class='ocrx_word' id='word_1_171' title='bbox 852 2075 1029 2138; x_wconf 76' lang='lat' dir='ltr'>refelluntur</span> 
     </span>
     <span class='ocr_line' id='line_1_23' title="bbox 52 2156 1031 2243; baseline 0 -20"><span class='ocrx_word' id='word_1_172' title='bbox 52 2161 83 2223; x_wconf 92' lang='lat' dir='ltr'>in</span> <span class='ocrx_word' id='word_1_173' title='bbox 106 2165 284 2227; x_wconf 71' lang='lat' dir='ltr'>tractatibus</span> <span class='ocrx_word' id='word_1_174' title='bbox 301 2156 345 2227; x_wconf 52' lang='lat' dir='ltr'>‘de</span> <span class='ocrx_word' id='word_1_175' title='bbox 358 2165 564 2227; x_wconf 78' lang='lat' dir='ltr'>matrimonio.</span> <span class='ocrx_word' id='word_1_176' title='bbox 580 2167 625 2227; x_wconf 82' lang='lat' dir='ltr'>lie</span> <span class='ocrx_word' id='word_1_177' title='bbox 643 2164 703 2226; x_wconf 91' lang='lat' dir='ltr'>hoc</span> <span class='ocrx_word' id='word_1_178' title='bbox 716 2163 775 2243; x_wconf 80' lang='lat' dir='ltr'>legi</span> <span class='ocrx_word' id='word_1_179' title='bbox 796 2165 889 2226; x_wconf 85' lang='lat' dir='ltr'>etium</span> <span class='ocrx_word' id='word_1_180' title='bbox 904 2169 1031 2243; x_wconf 80' lang='lat' dir='ltr'>possunt</span> 
     </span>
     <span class='ocr_line' id='line_1_24' title="bbox 54 2251 1031 2331; baseline -0.001 -18"><span class='ocrx_word' id='word_1_181' title='bbox 54 2254 154 2315; x_wconf 74' lang='lat' dir='ltr'>icor.</span> <span class='ocrx_word' id='word_1_182' title='bbox 166 2273 195 2315; x_wconf 93' lang='lat' dir='ltr'>c.</span> <span class='ocrx_word' id='word_1_183' title='bbox 209 2259 240 2331; x_wconf 80' lang='lat'>7,</span> <span class='ocrx_word' id='word_1_184' title='bbox 256 2273 285 2314; x_wconf 89' lang='lat' dir='ltr'>v.</span> <span class='ocrx_word' id='word_1_185' title='bbox 298 2259 328 2330; x_wconf 88' lang='lat'>8,</span> <span class='ocrx_word' id='word_1_186' title='bbox 342 2258 380 2315; x_wconf 72' lang='lat'>25</span> <span class='ocrx_word' id='word_1_187' title='bbox 395 2274 403 2329; x_wconf 89' lang='lat'>;</span> <span class='ocrx_word' id='word_1_188' title='bbox 421 2257 452 2315; x_wconf 90' lang='lat' dir='ltr'>S.</span> <span class='ocrx_word' id='word_1_189' title='bbox 466 2253 569 2315; x_wconf 77' lang='lat' dir='ltr'>Metti.</span> <span class='ocrx_word' id='word_1_190' title='bbox 583 2273 611 2316; x_wconf 89' lang='lat' dir='ltr'>c.</span> <span class='ocrx_word' id='word_1_191' title='bbox 629 2258 679 2328; x_wconf 83' lang='lat' dir='ltr'>m,</span> <span class='ocrx_word' id='word_1_192' title='bbox 693 2273 721 2314; x_wconf 86' lang='lat' dir='ltr'>v.</span> <span class='ocrx_word' id='word_1_193' title='bbox 741 2256 772 2314; x_wconf 90' lang='lat' dir='ltr'>lt</span> <span class='ocrx_word' id='word_1_194' title='bbox 792 2260 822 2314; x_wconf 90' lang='lat' dir='ltr'>et</span> <span class='ocrx_word' id='word_1_195' title='bbox 837 2257 890 2329; x_wconf 62' lang='lat' dir='ltr'>tm</span> <span class='ocrx_word' id='word_1_196' title='bbox 902 2251 1031 2315; x_wconf 83' lang='lat' dir='ltr'>sufficiat</span> 
     </span>
     <span class='ocr_line' id='line_1_25' title="bbox 54 2338 1031 2423; baseline 0.001 -23"><span class='ocrx_word' id='word_1_197' title='bbox 54 2338 105 2401; x_wconf 89' lang='lat' dir='ltr'>hic</span> <span class='ocrx_word' id='word_1_198' title='bbox 119 2341 232 2405; x_wconf 81' lang='lat' dir='ltr'>reterre</span> <span class='ocrx_word' id='word_1_199' title='bbox 242 2360 311 2405; x_wconf 83' lang='lat' dir='ltr'>cun.</span> <span class='ocrx_word' id='word_1_200' title='bbox 326 2346 447 2405; x_wconf 74' lang='lat' dir='ltr'>ioness.</span> <span class='ocrx_word' id='word_1_201' title='bbox 459 2343 602 2404; x_wconf 69' lang='lat' dir='ltr'>wione.</span> <span class='ocrx_word' id='word_1_202' title='bbox 615 2339 749 2403; x_wconf 86' lang='lat' dir='ltr'>Trident.</span> <span class='ocrx_word' id='word_1_203' title='bbox 768 2359 775 2400; x_wconf 94' lang='lat'><strong>:</strong></span> <span class='ocrx_word' id='word_1_204' title='bbox 797 2362 812 2398; x_wconf 70' lang='grc' dir='ltr'>ι(</span> <span class='ocrx_word' id='word_1_205' title='bbox 825 2342 856 2401; x_wconf 89' lang='lat' dir='ltr'>Si</span> <span class='ocrx_word' id='word_1_206' title='bbox 871 2341 940 2423; x_wconf 88' lang='lat' dir='ltr'>quis</span> <span class='ocrx_word' id='word_1_207' title='bbox 949 2340 1031 2401; x_wconf 85' lang='lat' dir='ltr'>dixe-</span> 
     </span>
     <span class='ocr_line' id='line_1_26' title="bbox 59 2427 1031 2512; baseline 0.003 -27"><span class='ocrx_word' id='word_1_208' title='bbox 59 2448 74 2485; x_wconf 75' lang='grc' dir='ltr'><strong>α</strong></span> <span class='ocrx_word' id='word_1_209' title='bbox 94 2429 133 2490; x_wconf 87' lang='lat' dir='ltr'>rit</span> <span class='ocrx_word' id='word_1_210' title='bbox 148 2436 260 2493; x_wconf 84' lang='lat' dir='ltr'>statum</span> <span class='ocrx_word' id='word_1_211' title='bbox 277 2430 471 2512; x_wconf 72' lang='lat' dir='ltr'>coniugalem</span> <span class='ocrx_word' id='word_1_212' title='bbox 484 2427 733 2511; x_wconf 77' lang='lat' dir='ltr'>anteponendum</span> <span class='ocrx_word' id='word_1_213' title='bbox 755 2446 820 2490; x_wconf 88' lang='lat' dir='ltr'>esse</span> <span class='ocrx_word' id='word_1_214' title='bbox 834 2429 923 2491; x_wconf 78' lang='lat' dir='ltr'>statui</span> <span class='ocrx_word' id='word_1_215' title='bbox 937 2428 1031 2509; x_wconf 82' lang='lat' dir='ltr'>virgi-</span> 
     </span>
     <span class='ocr_line' id='line_1_27' title="bbox 60 2516 1029 2599; baseline 0.004 -26"><span class='ocrx_word' id='word_1_216' title='bbox 60 2536 75 2573; x_wconf 78' lang='lat'>«</span> <span class='ocrx_word' id='word_1_217' title='bbox 96 2516 197 2580; x_wconf 81' lang='lat' dir='ltr'>nitatis</span> <span class='ocrx_word' id='word_1_218' title='bbox 208 2518 252 2580; x_wconf 89' lang='lat' dir='ltr'>vel</span> <span class='ocrx_word' id='word_1_219' title='bbox 270 2518 438 2594; x_wconf 74' lang='lat' dir='ltr'>caelibatus,</span> <span class='ocrx_word' id='word_1_220' title='bbox 455 2526 484 2580; x_wconf 91' lang='lat' dir='ltr'>et</span> <span class='ocrx_word' id='word_1_221' title='bbox 499 2535 641 2599; x_wconf 85' lang='lat' dir='ltr'>nonesse</span> <span class='ocrx_word' id='word_1_222' title='bbox 655 2517 765 2580; x_wconf 87' lang='lat' dir='ltr'>meiius</span> <span class='ocrx_word' id='word_1_223' title='bbox 778 2535 814 2577; x_wconf 86' lang='lat' dir='ltr'>ac</span> <span class='ocrx_word' id='word_1_224' title='bbox 830 2516 947 2578; x_wconf 81' lang='lat' dir='ltr'>beatius</span> <span class='ocrx_word' id='word_1_225' title='bbox 962 2535 1029 2578; x_wconf 83' lang='lat' dir='ltr'>nra-</span> 
     </span>
     <span class='ocr_line' id='line_1_28' title="bbox 63 2603 1031 2687; baseline 0.005 -25"><span class='ocrx_word' id='word_1_226' title='bbox 63 2624 78 2661; x_wconf 81' lang='lat'>«</span> <span class='ocrx_word' id='word_1_227' title='bbox 98 2624 170 2668; x_wconf 89' lang='lat' dir='ltr'>nere</span> <span class='ocrx_word' id='word_1_228' title='bbox 190 2606 222 2667; x_wconf 93' lang='lat' dir='ltr'>in</span> <span class='ocrx_word' id='word_1_229' title='bbox 246 2606 417 2687; x_wconf 70' lang='lat' dir='ltr'>virginitate</span> <span class='ocrx_word' id='word_1_230' title='bbox 440 2613 493 2669; x_wconf 84' lang='lat' dir='ltr'>unt</span> <span class='ocrx_word' id='word_1_231' title='bbox 510 2607 648 2670; x_wconf 77' lang='lat' dir='ltr'>caelibatu</span> <span class='ocrx_word' id='word_1_232' title='bbox 663 2623 756 2686; x_wconf 83' lang='lat' dir='ltr'>quem</span> <span class='ocrx_word' id='word_1_233' title='bbox 774 2603 861 2685; x_wconf 82' lang='lat' dir='ltr'>jungi</span> <span class='ocrx_word' id='word_1_234' title='bbox 876 2605 1031 2667; x_wconf 84' lang='lat' dir='ltr'>matrimo-</span> 
     </span>
     <span class='ocr_line' id='line_1_29' title="bbox 66 2694 429 2769; baseline 0.019 -20"><span class='ocrx_word' id='word_1_235' title='bbox 66 2712 81 2749; x_wconf 73' lang='lat' dir='ltr'>e</span> <span class='ocrx_word' id='word_1_236' title='bbox 102 2695 165 2769; x_wconf 89' lang='lat' dir='ltr'>nio,</span> <span class='ocrx_word' id='word_1_237' title='bbox 179 2694 340 2758; x_wconf 80' lang='lat' dir='ltr'>anathema</span> <span class='ocrx_word' id='word_1_238' title='bbox 350 2697 388 2757; x_wconf 88' lang='lat' dir='ltr'>sit</span> <span class='ocrx_word' id='word_1_239' title='bbox 399 2718 429 2756; x_wconf 86' lang='lat' dir='ltr'>u.</span> 
     </span>
    </p>
   </div>
   <div class='ocr_carea' id='block_1_3' title="bbox 421 2961 658 3029">
    <p class='ocr_par' dir='ltr' id='par_1_11' title="bbox 421 2961 658 3029">
     <span class='ocr_line' id='line_1_30' title="bbox 421 2961 658 3029; baseline -0.008 -2"><span class='ocrx_word' id='word_1_240' title='bbox 421 2961 585 3029; x_wconf 81' lang='lat' dir='ltr'><strong>CAPUT</strong></span> <span class='ocrx_word' id='word_1_241' title='bbox 611 2962 658 3026; x_wconf 89' lang='lat' dir='ltr'>ll.</span> 
     </span>
    </p>
   </div>
   <div class='ocr_carea' id='block_1_4' title="bbox 83 3128 1003 3198">
    <p class='ocr_par' dir='ltr' id='par_1_12' title="bbox 83 3128 1003 3198">
     <span class='ocr_line' id='line_1_31' title="bbox 83 3128 1003 3198; baseline 0.001 -20"><span class='ocrx_word' id='word_1_242' title='bbox 83 3132 126 3178; x_wconf 78' lang='lat' dir='ltr'>DE</span> <span class='ocrx_word' id='word_1_243' title='bbox 146 3128 763 3198; x_wconf 66' lang='lat' dir='ltr'>eneceriscesr1·re‘r101²rosluts,suu</span> <span class='ocrx_word' id='word_1_244' title='bbox 782 3133 826 3179; x_wconf 77' lang='lat' dir='ltr'>DE</span> <span class='ocrx_word' id='word_1_245' title='bbox 844 3134 1003 3181; x_wconf 69' lang='lat' dir='ltr'>Luxnnln.</span> 
     </span>
    </p>
   </div>
   <div class='ocr_carea' id='block_1_5' title="bbox 256 3304 831 3500">
    <p class='ocr_par' dir='ltr' id='par_1_13' title="bbox 256 3304 831 3500">
     <span class='ocr_line' id='line_1_32' title="bbox 421 3304 671 3368; baseline 0.016 -6"><span class='ocrx_word' id='word_1_246' title='bbox 421 3304 632 3368; x_wconf 79' lang='lat' dir='ltr'><strong>ARTICULUS</strong></span> <span class='ocrx_word' id='word_1_247' title='bbox 647 3304 671 3367; x_wconf 90' lang='lat'>1.</span> 
     </span>
     <span class='ocr_line' id='line_1_33' title="bbox 256 3453 831 3500; baseline 0.002 -3"><span class='ocrx_word' id='word_1_248' title='bbox 256 3453 294 3497; x_wconf 81' lang='lat' dir='ltr'>nc</span> <span class='ocrx_word' id='word_1_249' title='bbox 315 3453 476 3499; x_wconf 80' lang='lat' dir='ltr'>nurusnonr</span> <span class='ocrx_word' id='word_1_250' title='bbox 498 3453 634 3500; x_wconf 78' lang='lat' dir='ltr'>nuccims</span> <span class='ocrx_word' id='word_1_251' title='bbox 652 3455 686 3500; x_wconf 80' lang='lat' dir='ltr'>in</span> <span class='ocrx_word' id='word_1_252' title='bbox 706 3453 831 3500; x_wconf 79' lang='lat' dir='ltr'>enuere.</span> 
     </span>
    </p>
   </div>
   <div class='ocr_carea' id='block_1_6' title="bbox 66 3579 1032 3755">
    <p class='ocr_par' dir='ltr' id='par_1_14' title="bbox 66 3579 1032 3755">
     <span class='ocr_line' id='line_1_34' title="bbox 101 3579 1032 3667; baseline 0 -24"><span class='ocrx_word' id='word_1_253' title='bbox 101 3586 151 3643; x_wconf 70' lang='grc'>24.</span> <span class='ocrx_word' id='word_1_254' title='bbox 177 3579 383 3648; x_wconf 73' lang='lat' dir='ltr'>«Luxuriae</span> <span class='ocrx_word' id='word_1_255' title='bbox 407 3587 499 3649; x_wconf 82' lang='lat' dir='ltr'>verbo</span> <span class='ocrx_word' id='word_1_256' title='bbox 523 3587 688 3650; x_wconf 82' lang='lat' dir='ltr'>lncnresie</span> <span class='ocrx_word' id='word_1_257' title='bbox 709 3592 904 3667; x_wconf 77' lang='lat' dir='ltr'>nuncupatur</span> <span class='ocrx_word' id='word_1_258' title='bbox 927 3605 934 3644; x_wconf 92' lang='lat'>:</span> <span class='ocrx_word' id='word_1_259' title='bbox 961 3585 1032 3664; x_wconf 83' lang='lat' dir='ltr'>quie</span> 
     </span>
     <span class='ocr_line' id='line_1_35' title="bbox 66 3667 1032 3755; baseline -0.002 -27"><span class='ocrx_word' id='word_1_260' title='bbox 66 3690 82 3728; x_wconf 79' lang='grc' dir='ltr'>ι</span> <span class='ocrx_word' id='word_1_261' title='bbox 104 3667 192 3748; x_wconf 82' lang='lat' dir='ltr'>hujus</span> <span class='ocrx_word' id='word_1_262' title='bbox 205 3671 267 3734; x_wconf 83' lang='lat' dir='ltr'>uitii</span> <span class='ocrx_word' id='word_1_263' title='bbox 285 3674 443 3754; x_wconf 83' lang='lat' dir='ltr'>proprium</span> <span class='ocrx_word' id='word_1_264' title='bbox 457 3681 503 3737; x_wconf 83' lang='lat' dir='ltr'>est</span> <span class='ocrx_word' id='word_1_265' title='bbox 513 3676 593 3738; x_wconf 82' lang='lat' dir='ltr'>vires</span> <span class='ocrx_word' id='word_1_266' title='bbox 604 3669 697 3738; x_wconf 82' lang='lat' dir='ltr'>animi</span> <span class='ocrx_word' id='word_1_267' title='bbox 709 3681 739 3738; x_wconf 86' lang='lat' dir='ltr'>ot</span> <span class='ocrx_word' id='word_1_268' title='bbox 752 3673 886 3755; x_wconf 85' lang='lat' dir='ltr'>corporis</span> <span class='ocrx_word' id='word_1_269' title='bbox 900 3669 1032 3732; x_wconf 80' lang='lat' dir='ltr'>reiexnre</span> 
     </span>
    </p>
   </div>
   <div class='ocr_carea' id='block_1_7' title="bbox 0 0 1229 4138">
    <p class='ocr_par' dir='ltr' id='par_1_15' title="bbox 0 0 1229 4138">
     <span class='ocr_line' id='line_1_36' title="bbox 0 0 1229 4138; baseline 0 0"><span class='ocrx_word' id='word_1_270' title='bbox 0 0 1229 4138; x_wconf 95' lang='lat' dir='ltr'> </span> 
     </span>
    </p>
   </div>
  </div>
 </body>
</html>
