2384 4138
449 83 542 127 uarur
562 83 596 136 u.
971 75 1011 133 59

34 201 261 266 sanctissimum
287 201 528 276 Sacramentum,
542 201 712 261 committat
725 204 916 283 sacrilegium
943 224 1014 287 spe-

35 291 120 364 ciale,
136 287 371 350 controvertitur
388 309 394 346 :
420 290 487 349 Non
509 288 748 369 improbabiliter
763 291 886 369 quidem
902 301 1014 371 negant

39 382 148 439 bonae.
162 377 263 449 Groix,
280 378 375 456 Lugo,
390 375 578 451 Salmantic,
592 385 663 452 etc,
676 379 747 458 quia
769 380 833 442 baec
849 382 926 443 actio
950 402 1013 444 non

35 474 77 528 cst
92 466 316 527 administratio
331 465 530 540 sacramenti3
549 465 601 526 sed
620 466 706 527 valde
720 468 917 548 probabiliter
931 471 1014 532 albr-

37 564 119 617 mant
144 554 242 617 culter
264 567 335 614 cum
363 551 394 612 S.
412 552 538 628 Thomu,
563 562 591 614 ct
619 553 686 616 aliis
711 558 927 634 communiter,
943 560 1014 639 quia

35 652 137 706 sancta
165 651 268 704 sancte
290 646 360 702 sunt
374 641 537 702 tractanda.
550 643 606 717 Jlta
629 641 661 704 S.
680 644 801 723 liguor.
822 649 844 722 ¹,
860 647 912 726 qul
933 647 1016 708 addit

36 751 105 794 cum
129 731 353 803 Salnrantic.,a
377 729 535 809 sacrilegio
549 729 629 790 baud
650 750 739 812 posse
763 735 900 794 excusari
915 735 966 815 qui
982 754 1014 797 se

37 821 177 900 polluerit
192 819 292 879 statim
314 825 382 898 post
402 820 664 893 communionem,
681 820 794 882 scillcet
815 841 867 902 per
883 822 1014 885 mediam

37 910 156 970 circiter
174 908 293 969 boram.

74 998 155 1058 Dicit
169 997 250 1057 idem
264 994 295 1056 S.
312 995 433 1074 Liguor.
446 999 458 1030 ¹
473 995 511 1056 ab
526 1013 563 1056 eo
582 997 694 1076 pariter
715 1000 876 1058 committit
894 999 1013 1062 sacrile-

37 1087 121 1166 gium
141 1086 195 1166 qui
223 1102 255 1145 se
281 1083 388 1165 polluit
416 1083 490 1144 dum
505 1091 551 1145 est
573 1084 697 1146 indutus
713 1085 749 1145 ad
778 1086 900 1145 missam
913 1107 922 1159 ;
952 1106 1013 1149 non

38 1179 139 1235 autem
154 1172 304 1235 committi
318 1171 356 1232 ab
370 1189 406 1232 eo
427 1172 479 1252 qui
502 1179 607 1251 peccat
625 1173 770 1252 gestando
792 1173 1015 1252 reliquissent

37 1281 132 1342 agnos
145 1263 211 1322 Dei.
225 1261 351 1322 Billuart
361 1279 431 1321 vero
442 1278 502 1320 non
519 1262 615 1339 magis
630 1262 692 1322 vult
704 1280 769 1322 esse
783 1262 974 1341 sacrilegium
990 1267 1014 1325 si

38 1351 178 1412 sacerdos
193 1349 260 1411 alba
275 1349 400 1410 indutus
420 1346 585 1410 fornicetur
599 1357 649 1410 aut
672 1349 825 1430 impudice
841 1361 906 1427 agat
923 1345 1014 1432 quam

37 1440 60 1498 si
81 1439 190 1500 cadem
206 1444 356 1519 perpetret
372 1455 442 1499 cum
466 1437 601 1519 reliquiis
620 1445 671 1498 aut
687 1438 837 1499 similibus
851 1438 888 1498 ad
903 1441 1015 1502 collum

37 1528 250 1608 appensis‚aut
261 1527 291 1586 in
306 1527 366 1588 alia
381 1526 518 1608 corporis
534 1533 617 1605 parte
631 1526 760 1587 detentis
771 1528 792 1586 ³.

77 1621 146 1677 123.
175 1618 220 1675 An
236 1622 335 1677 aulem
360 1614 549 1693 sacrilegium
565 1614 603 1674 sit
622 1623 779 1694 peccatum
794 1616 914 1677 carnale
928 1636 1016 1678 com-

39 1705 163 1765 missum
180 1703 262 1765 lestis
276 1702 452 1765 diebusl-
468 1702 627 1764 Affirmant
638 1698 749 1783 aliqui,
766 1704 818 1763 sed
833 1705 1017 1784 probabilius

39 1800 166 1874 negatur
178 1814 185 1868 ;
199 1794 270 1873 quia
285 1791 354 1851 linis
367 1790 443 1871 legis
460 1809 520 1851 non
535 1790 614 1852 cadit
628 1791 685 1852 sub
697 1799 850 1871 praecepto
863 1797 886 1849 ⁴.

76 1886 147 1942 124.
173 1880 294 1951 Quaerit.
307 1885 339 1941 l⁰
348 1883 394 1939 An
405 1885 581 1960 potestatem
594 1879 702 1940 babeat
715 1881 917 1941 confessarius
927 1900 1016 1944 suum

38 1971 65 2030 in
81 1969 212 2030 materia
227 1969 306 2049 turpi
321 1968 503 2048 complicem
519 1967 719 2028 absolvendi‘l

74 2059 168 2139 Resp.
197 2060 264 2118 Duo
287 2056 408 2118 decreta
434 2055 527 2118 edidit
544 2056 656 2116 bened.
680 2059 766 2130 lllV,
793 2075 889 2117 unum
906 2063 919 2118 l
937 2058 1015 2138 Junii

39 2150 129 2222 llll,
146 2146 294 2226 incipiens
310 2144 534 2206 Sacramentum
545 2145 741 2224 penitentie,
756 2144 885 2206 alterum
907 2146 1016 2207 8l'ebr.

42 2239 129 2305 1745,
147 2235 239 2314 incip.
254 2233 416 2310 apostotici
430 2234 567 2301 munais,
586 2232 699 2312 quibus
722 2233 847 2293 sancivit
864 2232 1018 2294 contessa-

40 2325 119 2386 rinm
133 2323 217 2384 omni
230 2341 331 2384 carere
343 2321 551 2401 jurisdictione
562 2320 599 2381 ad
609 2320 829 2381 absolvendum
838 2338 926 2381 suum
938 2339 1019 2382 com·

41 2414 151 2490 plioem
169 2412 200 2471 in
217 2412 339 2472 materia
354 2410 446 2490 turpi,
463 2417 554 2489 atque
568 2409 913 2470 excommunicationem
930 2428 1019 2489 papa-

41 2503 100 2561 lem
115 2502 271 2561 incurrere
281 2499 305 2559 si
318 2498 515 2559 nibilominus
531 2498 618 2558 illum
633 2496 766 2557 absolvat
778 2516 819 2577 t«
835 2493 1018 2558 anctoritate

43 2611 57 2645 o
78 2587 255 2668 apostolica,
268 2588 375 2667 inquit,
391 2595 422 2647 et
439 2592 548 2646 nostrae
564 2584 717 2666 potestatis
731 2584 1019 2668 plenitudineinter-

43 2700 57 2735 a
78 2677 212 2738 dicimus
230 2685 259 2737 ct
280 2675 476 2757 probibemus
495 2693 534 2735 ne
548 2672 656 2754 aliquis
667 2691 773 2734 eorum
791 2672 1018 2754 (sacerdotum),

42 2789 57 2825 u
78 2771 164 2827 extra
173 2782 277 2826 casum
286 2771 427 2826 extremae
438 2761 785 2837 necessitatis,nimirum
796 2762 928 2841 inipsius
941 2780 1020 2823 mor·

42 2872 59 2913 r
78 2855 118 2915 tis
128 2853 268 2927 articulo,
276 2852 471 2915 etdelicleute
485 2843 557 2912 trino
572 2868 768 2932 quocumque
781 2849 842 2910 alio
852 2850 1017 2925 sacerdote,

43 2964 58 3001 u
79 2942 133 3024 qui
149 2940 322 3003 confessarii
339 2958 452 3001 munus
466 2938 551 3000 obire
566 2939 669 3019 possit,
679 2937 900 2999 confessionem
916 2957 1018 2999 secra-

44 3055 60 3089 «
79 3029 245 3092 mentalem
262 3047 399 3109 personae
422 3028 594 3108 complicis,
625 3027 654 3087 in
683 3035 805 3106 peccato
831 3027 911 3106 turpi
930 3033 1019 3106 atque

44 3143 59 3178 a
80 3120 241 3181 inhonesto
250 3125 355 3181 eontra
365 3124 482 3180 sextum
492 3116 631 3196 Decalogi
647 3123 830 3196 praeceptum
843 3115 1017 3188 commisso,

70 3365 94 3484 p.
113 3361 170 3485 ppd.
183 3361 207 3423 c,
219 3370 245 3410 no
256 3362 388 3425 asenam
399 3377 405 3419 ;
417 3364 442 3409 a
454 3340 499 3409 ua.
514 3358 538 3418 a,
553 3357 646 3407 norea.

90 3473 97 3486 .
144 3449 152 3483 t
171 3471 176 3481 .

71 3506 96 3555 3.
115 3505 180 3555 lliss.
191 3503 215 3563 6,
231 3504 265 3554 De
276 3508 388 3568 temper,
402 3507 449 3550 art.
464 3501 487 3560 8,
501 3500 529 3550 iu
543 3501 602 3563 fine.

72 3579 95 3626 t.
116 3576 142 3626 S.
158 3575 268 3638 bigone,
281 3573 323 3622 lib.
337 3574 360 3647 tl,
373 3583 399 3620 n⁰
412 3571 467 3621 463.
