<?xml version="1.0" encoding="UTF-8"?>
<!DOCTYPE html PUBLIC "-//W3C//DTD XHTML 1.0 Transitional//EN"
    "http://www.w3.org/TR/xhtml1/DTD/xhtml1-transitional.dtd">
<html xmlns="http://www.w3.org/1999/xhtml" xml:lang="en" lang="en">
 <head>
  <title>
</title>
<meta http-equiv="Content-Type" content="text/html;charset=utf-8" />
  <meta name='ocr-system' content='tesseract 3.04.00' />
  <meta name='ocr-capabilities' content='ocr_page ocr_carea ocr_par ocr_line ocrx_word'/>
</head>
<body>
  <div class='ocr_page' id='page_1' title='image "./derebusvenereis00craigoog_0115.png"; bbox 0 0 2362 4094; ppageno 0'>
   <div class='ocr_carea' id='block_1_1' title="bbox 173 163 829 224">
    <p class='ocr_par' dir='ltr' id='par_1_1' title="bbox 173 163 829 224">
     <span class='ocr_line' id='line_1_1' title="bbox 173 163 829 224; baseline -0.002 -2"><span class='ocrx_word' id='word_1_1' title='bbox 173 163 231 224; x_wconf 85' lang='lat' dir='ltr'><strong>too</strong></span> <span class='ocrx_word' id='word_1_2' title='bbox 506 178 543 223; x_wconf 82' lang='lat' dir='ltr'><strong>oa</strong></span> <span class='ocrx_word' id='word_1_3' title='bbox 565 179 656 224; x_wconf 82' lang='lat' dir='ltr'><strong>araus</strong></span> <span class='ocrx_word' id='word_1_4' title='bbox 676 178 829 224; x_wconf 83' lang='lat' dir='ltr'><strong>vannams.</strong></span> 
     </span>
    </p>
   </div>
   <div class='ocr_carea' id='block_1_2' title="bbox 138 292 1179 3390">
    <p class='ocr_par' dir='ltr' id='par_1_2' title="bbox 138 292 1179 3390">
     <span class='ocr_line' id='line_1_2' title="bbox 172 292 1150 375; baseline -0.002 -22"><span class='ocrx_word' id='word_1_5' title='bbox 172 292 253 355; x_wconf 87' lang='lat' dir='ltr'><strong>nulla</strong></span> <span class='ocrx_word' id='word_1_6' title='bbox 267 300 311 355; x_wconf 88' lang='lat' dir='ltr'><strong>est</strong></span> <span class='ocrx_word' id='word_1_7' title='bbox 320 293 478 355; x_wconf 89' lang='lat' dir='ltr'><strong>destinata.</strong></span> <span class='ocrx_word' id='word_1_8' title='bbox 497 296 636 355; x_wconf 78' lang='lat' dir='ltr'><strong>Attamen</strong></span> <span class='ocrx_word' id='word_1_9' title='bbox 651 312 724 355; x_wconf 88' lang='lat' dir='ltr'><strong>casu</strong></span> <span class='ocrx_word' id='word_1_10' title='bbox 739 312 800 375; x_wconf 91' lang='lat' dir='ltr'><strong>quo</strong></span> <span class='ocrx_word' id='word_1_11' title='bbox 818 293 876 354; x_wconf 91' lang='lat' dir='ltr'><strong>hoc</strong></span> <span class='ocrx_word' id='word_1_12' title='bbox 891 297 1050 372; x_wconf 86' lang='lat' dir='ltr'><strong>peccatum</strong></span> <span class='ocrx_word' id='word_1_13' title='bbox 1069 297 1150 352; x_wconf 87' lang='lat' dir='ltr'><strong>esset</strong></span> 
     </span>
     <span class='ocr_line' id='line_1_3' title="bbox 172 380 1149 456; baseline -0.001 -16"><span class='ocrx_word' id='word_1_14' title='bbox 172 387 367 456; x_wconf 82' lang='lat' dir='ltr'><strong>reservatum,</strong></span> <span class='ocrx_word' id='word_1_15' title='bbox 379 381 520 443; x_wconf 76' lang='lat' dir='ltr'><strong>Billuart‘</strong></span> <span class='ocrx_word' id='word_1_16' title='bbox 534 389 616 444; x_wconf 88' lang='lat' dir='ltr'><strong>tenet</strong></span> <span class='ocrx_word' id='word_1_17' title='bbox 628 382 902 444; x_wconf 87' lang='lat' dir='ltr'><strong>neccssariamesse</strong></span> <span class='ocrx_word' id='word_1_18' title='bbox 912 380 1149 441; x_wconf 75' lang='lat' dir='ltr'><strong>seminationem</strong></span> 
     </span>
     <span class='ocr_line' id='line_1_4' title="bbox 173 467 1148 552; baseline -0.002 -24"><span class='ocrx_word' id='word_1_19' title='bbox 173 468 248 530; x_wconf 86' lang='lat' dir='ltr'><strong>intra</strong></span> <span class='ocrx_word' id='word_1_20' title='bbox 263 487 314 530; x_wconf 88' lang='lat' dir='ltr'><strong>vas</strong></span> <span class='ocrx_word' id='word_1_21' title='bbox 328 468 419 544; x_wconf 84' lang='lat' dir='ltr'><strong>bruti,</strong></span> <span class='ocrx_word' id='word_1_22' title='bbox 435 471 507 549; x_wconf 88' lang='lat' dir='ltr'><strong>quia</strong></span> <span class='ocrx_word' id='word_1_23' title='bbox 528 473 701 542; x_wconf 87' lang='lat' dir='ltr'><strong>reservatio,</strong></span> <span class='ocrx_word' id='word_1_24' title='bbox 727 476 844 552; x_wconf 82' lang='lat' dir='ltr'><strong>utpote·</strong></span> <span class='ocrx_word' id='word_1_25' title='bbox 860 467 974 539; x_wconf 88' lang='lat' dir='ltr'><strong>odiosa,</strong></span> <span class='ocrx_word' id='word_1_26' title='bbox 1004 468 1148 548; x_wconf 78' lang='lat' dir='ltr'><strong>restringi</strong></span> 
     </span>
     <span class='ocr_line' id='line_1_5' title="bbox 172 555 1176 642; baseline -0.003 -24"><span class='ocrx_word' id='word_1_27' title='bbox 172 556 259 618; x_wconf 86' lang='lat' dir='ltr'><strong>debet</strong></span> <span class='ocrx_word' id='word_1_28' title='bbox 274 556 312 618; x_wconf 92' lang='lat' dir='ltr'><strong>ad</strong></span> <span class='ocrx_word' id='word_1_29' title='bbox 323 564 700 642; x_wconf 85' lang='lat' dir='ltr'><strong>actumconsummalum.</strong></span> <span class='ocrx_word' id='word_1_30' title='bbox 716 558 842 622; x_wconf 90' lang='lat' dir='ltr'><strong>Billuart</strong></span> <span class='ocrx_word' id='word_1_31' title='bbox 857 575 930 638; x_wconf 82' lang='lat' dir='ltr'><strong>ergo</strong></span> <span class='ocrx_word' id='word_1_32' title='bbox 944 575 1006 618; x_wconf 94' lang='lat' dir='ltr'><strong>non</strong></span> <span class='ocrx_word' id='word_1_33' title='bbox 1023 555 1149 637; x_wconf 77' lang='lat' dir='ltr'><strong>&#39;reputat</strong></span> <span class='ocrx_word' id='word_1_34' title='bbox 1175 578 1176 585; x_wconf 47' lang='lat'>¹</span> 
     </span>
     <span class='ocr_line' id='line_1_6' title="bbox 173 644 1148 718; baseline -0.004 -11"><span class='ocrx_word' id='word_1_35' title='bbox 173 653 416 709; x_wconf 88' lang='lat' dir='ltr'><strong>consummatam</strong></span> <span class='ocrx_word' id='word_1_36' title='bbox 450 645 658 709; x_wconf 67' lang='lat' dir='ltr'><strong>bestialitatem</strong></span> <span class='ocrx_word' id='word_1_37' title='bbox 690 647 747 708; x_wconf 88' lang='lat' dir='ltr'><strong>nisi</strong></span> <span class='ocrx_word' id='word_1_38' title='bbox 778 646 828 707; x_wconf 88' lang='lat' dir='ltr'><strong>liat</strong></span> <span class='ocrx_word' id='word_1_39' title='bbox 863 645 941 706; x_wconf 89' lang='lat' dir='ltr'><strong>intra</strong></span> <span class='ocrx_word' id='word_1_40' title='bbox 978 664 1029 706; x_wconf 83' lang='lat' dir='ltr'><strong>ras</strong></span> <span class='ocrx_word' id='word_1_41' title='bbox 1054 644 1148 718; x_wconf 83' lang='lat' dir='ltr'><strong>bruti,</strong></span> 
     </span>
     <span class='ocr_line' id='line_1_7' title="bbox 174 732 1149 816; baseline 0 -23"><span class='ocrx_word' id='word_1_42' title='bbox 174 733 311 812; x_wconf 85' lang='lat' dir='ltr'><strong>proinde,</strong></span> <span class='ocrx_word' id='word_1_43' title='bbox 327 734 435 797; x_wconf 88' lang='lat' dir='ltr'><strong>saltem</strong></span> <span class='ocrx_word' id='word_1_44' title='bbox 450 736 671 816; x_wconf 83' lang='lat' dir='ltr'><strong>utplurimum,</strong></span> <span class='ocrx_word' id='word_1_45' title='bbox 687 734 894 798; x_wconf 89' lang='lat' dir='ltr'><strong>consummari</strong></span> <span class='ocrx_word' id='word_1_46' title='bbox 917 732 1053 814; x_wconf 88' lang='lat' dir='ltr'><strong>nequita</strong></span> <span class='ocrx_word' id='word_1_47' title='bbox 1075 750 1149 794; x_wconf 89' lang='lat' dir='ltr'><strong>mu·</strong></span> 
     </span>
     <span class='ocr_line' id='line_1_8' title="bbox 175 822 307 884; baseline 0.015 -3"><span class='ocrx_word' id='word_1_48' title='bbox 175 822 307 884; x_wconf 77' lang='lat' dir='ltr'><strong>lienibus.</strong></span> 
     </span>
     <span class='ocr_line' id='line_1_9' title="bbox 216 918 1151 1000; baseline -0.001 -20"><span class='ocrx_word' id='word_1_49' title='bbox 216 924 282 982; x_wconf 84' lang='lat' dir='ltr'><strong>t79.</strong></span> <span class='ocrx_word' id='word_1_50' title='bbox 307 919 499 983; x_wconf 85' lang='lat' dir='ltr'><strong>Probabilius</strong></span> <span class='ocrx_word' id='word_1_51' title='bbox 511 920 548 982; x_wconf 91' lang='lat' dir='ltr'><strong>ad</strong></span> <span class='ocrx_word' id='word_1_52' title='bbox 562 920 771 983; x_wconf 84' lang='lat' dir='ltr'><strong>bestialitatem</strong></span> <span class='ocrx_word' id='word_1_53' title='bbox 787 918 951 1000; x_wconf 80' lang='lat' dir='ltr'><strong>requiritur</strong></span> <span class='ocrx_word' id='word_1_54' title='bbox 965 935 1151 999; x_wconf 78' lang='lat' dir='ltr'><strong>congressus</strong></span> 
     </span>
     <span class='ocr_line' id='line_1_10' title="bbox 173 1006 1149 1086; baseline -0.002 -18"><span class='ocrx_word' id='word_1_55' title='bbox 173 1025 226 1069; x_wconf 90' lang='lat' dir='ltr'><strong>seu</strong></span> <span class='ocrx_word' id='word_1_56' title='bbox 237 1009 416 1071; x_wconf 91' lang='lat' dir='ltr'><strong>concubitus</strong></span> <span class='ocrx_word' id='word_1_57' title='bbox 425 1027 496 1072; x_wconf 92' lang='lat' dir='ltr'><strong>cum</strong></span> <span class='ocrx_word' id='word_1_58' title='bbox 511 1008 606 1071; x_wconf 88' lang='lat' dir='ltr'><strong>bestia</strong></span> <span class='ocrx_word' id='word_1_59' title='bbox 622 1030 628 1069; x_wconf 93' lang='lat'><strong>:</strong></span> <span class='ocrx_word' id='word_1_60' title='bbox 642 1008 724 1071; x_wconf 90' lang='lat' dir='ltr'><strong>unde</strong></span> <span class='ocrx_word' id='word_1_61' title='bbox 735 1008 922 1070; x_wconf 88' lang='lat' dir='ltr'><strong>solustactus</strong></span> <span class='ocrx_word' id='word_1_62' title='bbox 931 1006 1149 1086; x_wconf 86' lang='lat' dir='ltr'><strong>pudendorum</strong></span> 
     </span>
     <span class='ocr_line' id='line_1_11' title="bbox 155 1095 1177 1179; baseline 0.004 -28"><span class='ocrx_word' id='word_1_63' title='bbox 155 1146 160 1151; x_wconf 86' lang='lat'><em>.</em></span> <span class='ocrx_word' id='word_1_64' title='bbox 174 1095 253 1158; x_wconf 91' lang='lat' dir='ltr'><strong>bruti</strong></span> <span class='ocrx_word' id='word_1_65' title='bbox 263 1116 334 1159; x_wconf 89' lang='lat' dir='ltr'><strong>cum</strong></span> <span class='ocrx_word' id='word_1_66' title='bbox 343 1097 463 1178; x_wconf 90' lang='lat' dir='ltr'><strong>propria</strong></span> <span class='ocrx_word' id='word_1_67' title='bbox 478 1097 647 1179; x_wconf 86' lang='lat' dir='ltr'><strong>pollutione</strong></span> <span class='ocrx_word' id='word_1_68' title='bbox 658 1098 896 1178; x_wconf 83' lang='lat' dir='ltr'><strong>sinacongressu</strong></span> <span class='ocrx_word' id='word_1_69' title='bbox 912 1114 974 1157; x_wconf 93' lang='lat' dir='ltr'><strong>non</strong></span> <span class='ocrx_word' id='word_1_70' title='bbox 989 1102 1067 1158; x_wconf 88' lang='lat' dir='ltr'><strong>esset</strong></span> <span class='ocrx_word' id='word_1_71' title='bbox 1082 1114 1150 1176; x_wconf 84' lang='lat' dir='ltr'><strong>pro</strong></span> <span class='ocrx_word' id='word_1_72' title='bbox 1176 1168 1177 1171; x_wconf 8' lang='grc' dir='ltr'><strong>Ἴ</strong></span> 
     </span>
     <span class='ocr_line' id='line_1_12' title="bbox 174 1174 1177 1265; baseline -0.001 -20"><span class='ocrx_word' id='word_1_73' title='bbox 174 1186 239 1265; x_wconf 76' lang='lat' dir='ltr'><strong>pria</strong></span> <span class='ocrx_word' id='word_1_74' title='bbox 253 1185 431 1260; x_wconf 71' lang='lat' dir='ltr'><strong>beatimites,</strong></span> <span class='ocrx_word' id='word_1_75' title='bbox 448 1186 526 1247; x_wconf 89' lang='lat' dir='ltr'><strong>siout</strong></span> <span class='ocrx_word' id='word_1_76' title='bbox 540 1184 678 1248; x_wconf 89' lang='lat' dir='ltr'><strong>sodomia</strong></span> <span class='ocrx_word' id='word_1_77' title='bbox 691 1204 752 1247; x_wconf 94' lang='lat' dir='ltr'><strong>non</strong></span> <span class='ocrx_word' id='word_1_78' title='bbox 772 1190 851 1248; x_wconf 87' lang='lat' dir='ltr'><strong>esset</strong></span> <span class='ocrx_word' id='word_1_79' title='bbox 869 1189 995 1265; x_wconf 83' lang='lat' dir='ltr'><strong>tangere</strong></span> <span class='ocrx_word' id='word_1_80' title='bbox 1017 1192 1149 1264; x_wconf 82' lang='lat' dir='ltr'><strong>puerum</strong></span> <span class='ocrx_word' id='word_1_81' title='bbox 1175 1174 1177 1215; x_wconf 54' lang='lat' dir='ltr'><strong>f</strong></span> 
     </span>
     <span class='ocr_line' id='line_1_13' title="bbox 173 1274 1149 1354; baseline 0 -18"><span class='ocrx_word' id='word_1_82' title='bbox 173 1282 225 1336; x_wconf 89' lang='lat' dir='ltr'><strong>aut</strong></span> <span class='ocrx_word' id='word_1_83' title='bbox 240 1275 373 1354; x_wconf 85' lang='lat' dir='ltr'><strong>puellam</strong></span> <span class='ocrx_word' id='word_1_84' title='bbox 386 1274 588 1336; x_wconf 85' lang='lat' dir='ltr'><strong>dormientem</strong></span> <span class='ocrx_word' id='word_1_85' title='bbox 608 1281 660 1336; x_wconf 86' lang='lat' dir='ltr'><strong>aut</strong></span> <span class='ocrx_word' id='word_1_86' title='bbox 683 1274 745 1336; x_wconf 94' lang='lat' dir='ltr'><strong>doli</strong></span> <span class='ocrx_word' id='word_1_87' title='bbox 760 1274 936 1354; x_wconf 77' lang='lat' dir='ltr'><strong>incapacem</strong></span> <span class='ocrx_word' id='word_1_88' title='bbox 951 1274 1017 1335; x_wconf 92' lang='lat' dir='ltr'><strong>sine</strong></span> <span class='ocrx_word' id='word_1_89' title='bbox 1031 1291 1149 1336; x_wconf 89' lang='lat' dir='ltr'><strong>conou-</strong></span> 
     </span>
     <span class='ocr_line' id='line_1_14' title="bbox 173 1362 1149 1447; baseline -0.001 -24"><span class='ocrx_word' id='word_1_90' title='bbox 173 1362 249 1424; x_wconf 88' lang='lat' dir='ltr'><strong>bitu.</strong></span> <span class='ocrx_word' id='word_1_91' title='bbox 267 1364 394 1435; x_wconf 84' lang='lat' dir='ltr'><strong>Quidam</strong></span> <span class='ocrx_word' id='word_1_92' title='bbox 408 1370 509 1426; x_wconf 91' lang='lat' dir='ltr'><strong>tamen</strong></span> <span class='ocrx_word' id='word_1_93' title='bbox 525 1382 613 1426; x_wconf 83' lang='lat' dir='ltr'><strong>secus</strong></span> <span class='ocrx_word' id='word_1_94' title='bbox 632 1364 766 1427; x_wconf 88' lang='lat' dir='ltr'><strong>sentiunt</strong></span> <span class='ocrx_word' id='word_1_95' title='bbox 790 1382 839 1445; x_wconf 90' lang='lat' dir='ltr'><strong>ap.</strong></span> <span class='ocrx_word' id='word_1_96' title='bbox 857 1365 887 1447; x_wconf 92' lang='lat' dir='ltr'><strong>S.</strong></span> <span class='ocrx_word' id='word_1_97' title='bbox 905 1364 1027 1444; x_wconf 79' lang='lat' dir='ltr'><strong>Lignor.</strong></span> <span class='ocrx_word' id='word_1_98' title='bbox 1045 1365 1069 1438; x_wconf 82' lang='lat'><strong>¹,</strong></span> <span class='ocrx_word' id='word_1_99' title='bbox 1097 1362 1149 1443; x_wconf 87' lang='lat' dir='ltr'><strong>qni</strong></span> 
     </span>
     <span class='ocr_line' id='line_1_15' title="bbox 175 1451 1148 1532; baseline 0 -22"><span class='ocrx_word' id='word_1_100' title='bbox 175 1452 359 1531; x_wconf 82' lang='lat' dir='ltr'><strong>probabilius</strong></span> <span class='ocrx_word' id='word_1_101' title='bbox 371 1459 489 1532; x_wconf 84' lang='lat' dir='ltr'><strong>reputat</strong></span> <span class='ocrx_word' id='word_1_102' title='bbox 503 1451 640 1515; x_wconf 84' lang='lat' dir='ltr'><strong>sufficere</strong></span> <span class='ocrx_word' id='word_1_103' title='bbox 653 1458 727 1514; x_wconf 88' lang='lat' dir='ltr'><strong>tunc</strong></span> <span class='ocrx_word' id='word_1_104' title='bbox 743 1452 844 1515; x_wconf 89' lang='lat' dir='ltr'><strong>dicare</strong></span> <span class='ocrx_word' id='word_1_105' title='bbox 869 1452 901 1513; x_wconf 91' lang='lat' dir='ltr'><strong>in</strong></span> <span class='ocrx_word' id='word_1_106' title='bbox 927 1451 1125 1514; x_wconf 82' lang='lat' dir='ltr'><strong>confessione</strong></span> <span class='ocrx_word' id='word_1_107' title='bbox 1141 1469 1148 1510; x_wconf 93' lang='lat'><strong>:</strong></span> 
     </span>
     <span class='ocr_line' id='line_1_16' title="bbox 174 1538 1151 1622; baseline 0 -23"><span class='ocrx_word' id='word_1_108' title='bbox 174 1538 266 1600; x_wconf 78' lang='lat' dir='ltr'><strong>balei</strong></span> <span class='ocrx_word' id='word_1_109' title='bbox 272 1540 466 1621; x_wconf 83' lang='lat' dir='ltr'><strong>pollutionem</strong></span> <span class='ocrx_word' id='word_1_110' title='bbox 481 1541 607 1603; x_wconf 78' lang='lat' dir='ltr'><strong>tactibus</strong></span> <span class='ocrx_word' id='word_1_111' title='bbox 618 1541 742 1603; x_wconf 83' lang='lat' dir='ltr'><strong>alienis:</strong></span> <span class='ocrx_word' id='word_1_112' title='bbox 757 1541 840 1622; x_wconf 81' lang='lat' dir='ltr'><strong>quia,</strong></span> <span class='ocrx_word' id='word_1_113' title='bbox 852 1539 976 1621; x_wconf 88' lang='lat' dir='ltr'><strong>quando</strong></span> <span class='ocrx_word' id='word_1_114' title='bbox 988 1557 1050 1601; x_wconf 91' lang='lat' dir='ltr'><strong>non</strong></span> <span class='ocrx_word' id='word_1_115' title='bbox 1066 1539 1151 1601; x_wconf 90' lang='lat' dir='ltr'><strong>adest</strong></span> 
     </span>
     <span class='ocr_line' id='line_1_17' title="bbox 174 1627 1149 1717; baseline 0.001 -28"><span class='ocrx_word' id='word_1_116' title='bbox 174 1628 363 1697; x_wconf 88' lang='lat' dir='ltr'><strong>concubitus,</strong></span> <span class='ocrx_word' id='word_1_117' title='bbox 380 1646 441 1717; x_wconf 85' lang='lat' dir='ltr'><strong>non</strong></span> <span class='ocrx_word' id='word_1_118' title='bbox 462 1628 547 1691; x_wconf 86' lang='lat' dir='ltr'><strong>adest</strong></span> <span class='ocrx_word' id='word_1_119' title='bbox 568 1628 692 1691; x_wconf 87' lang='lat' dir='ltr'><strong>affectos</strong></span> <span class='ocrx_word' id='word_1_120' title='bbox 714 1629 753 1691; x_wconf 89' lang='lat' dir='ltr'><strong>ad</strong></span> <span class='ocrx_word' id='word_1_121' title='bbox 778 1647 897 1702; x_wconf 86' lang='lat' dir='ltr'><strong>sexum,</strong></span> <span class='ocrx_word' id='word_1_122' title='bbox 913 1627 967 1690; x_wconf 91' lang='lat' dir='ltr'><strong>sed</strong></span> <span class='ocrx_word' id='word_1_123' title='bbox 993 1627 1033 1691; x_wconf 89' lang='lat' dir='ltr'><strong>ad</strong></span> <span class='ocrx_word' id='word_1_124' title='bbox 1048 1627 1149 1708; x_wconf 92' lang='lat' dir='ltr'><strong>polln-</strong></span> 
     </span>
     <span class='ocr_line' id='line_1_18' title="bbox 174 1717 299 1778; baseline -0.016 -2"><span class='ocrx_word' id='word_1_125' title='bbox 174 1717 299 1778; x_wconf 90' lang='lat' dir='ltr'><strong>tionem.</strong></span> 
     </span>
     <span class='ocr_line' id='line_1_19' title="bbox 147 1803 1151 1887; baseline 0.001 -22"><span class='ocrx_word' id='word_1_126' title='bbox 147 1835 150 1839; x_wconf 57' lang='lat'><strong>&gt;</strong></span> <span class='ocrx_word' id='word_1_127' title='bbox 216 1807 283 1867; x_wconf 78' lang='lat'>180.</span> <span class='ocrx_word' id='word_1_128' title='bbox 308 1804 354 1866; x_wconf 81' lang='lat' dir='ltr'><strong>Ad</strong></span> <span class='ocrx_word' id='word_1_129' title='bbox 366 1806 577 1868; x_wconf 88' lang='lat' dir='ltr'><strong>bestialitatem</strong></span> <span class='ocrx_word' id='word_1_130' title='bbox 592 1804 700 1868; x_wconf 87' lang='lat' dir='ltr'><strong>attinet</strong></span> <span class='ocrx_word' id='word_1_131' title='bbox 715 1823 898 1887; x_wconf 81' lang='lat' dir='ltr'><strong>congressus</strong></span> <span class='ocrx_word' id='word_1_132' title='bbox 911 1822 983 1867; x_wconf 91' lang='lat' dir='ltr'><strong>cum</strong></span> <span class='ocrx_word' id='word_1_133' title='bbox 1008 1803 1151 1867; x_wconf 88' lang='lat' dir='ltr'><strong>daemona</strong></span> 
     </span>
     <span class='ocr_line' id='line_1_20' title="bbox 174 1892 1178 1976; baseline -0.001 -22"><span class='ocrx_word' id='word_1_134' title='bbox 174 1894 309 1955; x_wconf 88' lang='lat' dir='ltr'><strong>succubo</strong></span> <span class='ocrx_word' id='word_1_135' title='bbox 323 1894 368 1957; x_wconf 85' lang='lat' dir='ltr'><strong>vel</strong></span> <span class='ocrx_word' id='word_1_136' title='bbox 380 1894 503 1957; x_wconf 89' lang='lat' dir='ltr'><strong>incubo.</strong></span> <span class='ocrx_word' id='word_1_137' title='bbox 521 1895 579 1956; x_wconf 86' lang='lat' dir='ltr'><strong>Sed</strong></span> <span class='ocrx_word' id='word_1_138' title='bbox 595 1900 704 1976; x_wconf 81' lang='lat' dir='ltr'><strong>praeter</strong></span> <span class='ocrx_word' id='word_1_139' title='bbox 718 1894 906 1956; x_wconf 86' lang='lat' dir='ltr'><strong>bestialitatis</strong></span> <span class='ocrx_word' id='word_1_140' title='bbox 917 1892 1070 1967; x_wconf 85' lang='lat' dir='ltr'><strong>malitiam</strong></span> <span class='ocrx_word' id='word_1_141' title='bbox 1081 1892 1151 1955; x_wconf 91' lang='lat' dir='ltr'><strong>bor·</strong></span> <span class='ocrx_word' id='word_1_142' title='bbox 1177 1892 1178 1903; x_wconf 56' lang='lat'>¹</span> 
     </span>
     <span class='ocr_line' id='line_1_21' title="bbox 175 1981 1150 2063; baseline 0.002 -22"><span class='ocrx_word' id='word_1_143' title='bbox 175 1982 304 2044; x_wconf 88' lang='lat' dir='ltr'><strong>rendum</strong></span> <span class='ocrx_word' id='word_1_144' title='bbox 316 1981 373 2045; x_wconf 89' lang='lat' dir='ltr'><strong>boc</strong></span> <span class='ocrx_word' id='word_1_145' title='bbox 385 1984 502 2046; x_wconf 87' lang='lat' dir='ltr'><strong>crimen</strong></span> <span class='ocrx_word' id='word_1_146' title='bbox 512 1984 647 2046; x_wconf 90' lang='lat' dir='ltr'><strong>continet</strong></span> <span class='ocrx_word' id='word_1_147' title='bbox 661 1985 786 2063; x_wconf 87' lang='lat' dir='ltr'><strong>insuper</strong></span> <span class='ocrx_word' id='word_1_148' title='bbox 806 1982 953 2047; x_wconf 84' lang='lat' dir='ltr'><strong>nralitiam</strong></span> <span class='ocrx_word' id='word_1_149' title='bbox 975 1982 1150 2061; x_wconf 89' lang='lat' dir='ltr'><strong>superstiti-</strong></span> 
     </span>
     <span class='ocr_line' id='line_1_22' title="bbox 174 2070 1152 2153; baseline 0.001 -23"><span class='ocrx_word' id='word_1_150' title='bbox 174 2071 249 2131; x_wconf 86' lang='lat' dir='ltr'><strong>onis.</strong></span> <span class='ocrx_word' id='word_1_151' title='bbox 278 2073 488 2134; x_wconf 82' lang='lat' dir='ltr'><strong>Necessarium</strong></span> <span class='ocrx_word' id='word_1_152' title='bbox 517 2078 617 2133; x_wconf 89' lang='lat' dir='ltr'><strong>autem</strong></span> <span class='ocrx_word' id='word_1_153' title='bbox 647 2089 709 2134; x_wconf 93' lang='lat' dir='ltr'><strong>non</strong></span> <span class='ocrx_word' id='word_1_154' title='bbox 740 2071 857 2153; x_wconf 80' lang='lat' dir='ltr'><strong>videtur</strong></span> <span class='ocrx_word' id='word_1_155' title='bbox 888 2072 918 2131; x_wconf 93' lang='lat' dir='ltr'><strong>in</strong></span> <span class='ocrx_word' id='word_1_156' title='bbox 958 2070 1152 2133; x_wconf 84' lang='lat' dir='ltr'><strong>confessione</strong></span> 
     </span>
     <span class='ocr_line' id='line_1_23' title="bbox 174 2156 1151 2239; baseline 0.003 -22"><span class='ocrx_word' id='word_1_157' title='bbox 174 2159 323 2239; x_wconf 79' lang='lat' dir='ltr'><strong>explicare</strong></span> <span class='ocrx_word' id='word_1_158' title='bbox 334 2177 374 2219; x_wconf 88' lang='lat' dir='ltr'><strong>an</strong></span> <span class='ocrx_word' id='word_1_159' title='bbox 389 2156 542 2220; x_wconf 90' lang='lat' dir='ltr'><strong>succubus</strong></span> <span class='ocrx_word' id='word_1_160' title='bbox 557 2158 604 2220; x_wconf 88' lang='lat' dir='ltr'><strong>vel</strong></span> <span class='ocrx_word' id='word_1_161' title='bbox 620 2157 750 2220; x_wconf 89' lang='lat' dir='ltr'><strong>incubus</strong></span> <span class='ocrx_word' id='word_1_162' title='bbox 765 2159 833 2239; x_wconf 86' lang='lat' dir='ltr'><strong>quis</strong></span> <span class='ocrx_word' id='word_1_163' title='bbox 848 2157 935 2220; x_wconf 89' lang='lat' dir='ltr'><strong>luerit</strong></span> <span class='ocrx_word' id='word_1_164' title='bbox 951 2158 981 2218; x_wconf 91' lang='lat' dir='ltr'><strong>io</strong></span> <span class='ocrx_word' id='word_1_165' title='bbox 1003 2157 1056 2219; x_wconf 89' lang='lat' dir='ltr'><strong>tali</strong></span> <span class='ocrx_word' id='word_1_166' title='bbox 1076 2177 1151 2220; x_wconf 91' lang='lat' dir='ltr'><strong>con·</strong></span> 
     </span>
     <span class='ocr_line' id='line_1_24' title="bbox 175 2245 1152 2327; baseline 0.003 -21"><span class='ocrx_word' id='word_1_167' title='bbox 175 2265 304 2326; x_wconf 80' lang='lat' dir='ltr'><strong>gressu:</strong></span> <span class='ocrx_word' id='word_1_168' title='bbox 331 2269 346 2305; x_wconf 94' lang='lat'>«</span> <span class='ocrx_word' id='word_1_169' title='bbox 369 2249 414 2306; x_wconf 74' lang='lat' dir='ltr'><strong>«ln</strong></span> <span class='ocrx_word' id='word_1_170' title='bbox 429 2253 543 2314; x_wconf 88' lang='lat' dir='ltr'><strong>autom,</strong></span> <span class='ocrx_word' id='word_1_171' title='bbox 560 2246 658 2327; x_wconf 89' lang='lat' dir='ltr'><strong>inquit</strong></span> <span class='ocrx_word' id='word_1_172' title='bbox 683 2245 714 2309; x_wconf 90' lang='lat' dir='ltr'><strong>S.</strong></span> <span class='ocrx_word' id='word_1_173' title='bbox 731 2248 880 2326; x_wconf 76' lang='lat' dir='ltr'><strong>Lignor.⁸‚</strong></span> <span class='ocrx_word' id='word_1_174' title='bbox 908 2247 961 2327; x_wconf 90' lang='lat' dir='ltr'><strong>qui</strong></span> <span class='ocrx_word' id='word_1_175' title='bbox 990 2246 1051 2308; x_wconf 89' lang='lat' dir='ltr'><strong>coit</strong></span> <span class='ocrx_word' id='word_1_176' title='bbox 1080 2265 1152 2309; x_wconf 90' lang='lat' dir='ltr'><strong>cum</strong></span> 
     </span>
     <span class='ocr_line' id='line_1_25' title="bbox 178 2335 1153 2418; baseline 0.001 -23"><span class='ocrx_word' id='word_1_177' title='bbox 178 2359 194 2395; x_wconf 91' lang='lat'>«</span> <span class='ocrx_word' id='word_1_178' title='bbox 214 2337 353 2399; x_wconf 86' lang='lat' dir='ltr'><strong>daemone</strong></span> <span class='ocrx_word' id='word_1_179' title='bbox 367 2343 531 2418; x_wconf 87' lang='lat' dir='ltr'><strong>apparente</strong></span> <span class='ocrx_word' id='word_1_180' title='bbox 545 2338 577 2396; x_wconf 91' lang='lat' dir='ltr'><strong>in</strong></span> <span class='ocrx_word' id='word_1_181' title='bbox 591 2335 688 2398; x_wconf 83' lang='lat' dir='ltr'><strong>forma</strong></span> <span class='ocrx_word' id='word_1_182' title='bbox 702 2336 885 2417; x_wconf 79' lang='lat' dir='ltr'><strong>conjugatae,</strong></span> <span class='ocrx_word' id='word_1_183' title='bbox 915 2335 1073 2410; x_wconf 90' lang='lat' dir='ltr'><strong>monialis,</strong></span> <span class='ocrx_word' id='word_1_184' title='bbox 1102 2342 1153 2398; x_wconf 90' lang='lat' dir='ltr'><strong>aut</strong></span> 
     </span>
     <span class='ocr_line' id='line_1_26' title="bbox 179 2423 1150 2506; baseline -0.002 -21"><span class='ocrx_word' id='word_1_185' title='bbox 179 2449 194 2485; x_wconf 94' lang='lat'>«</span> <span class='ocrx_word' id='word_1_186' title='bbox 214 2426 459 2506; x_wconf 82' lang='lat' dir='ltr'><strong>consanguineae,</strong></span> <span class='ocrx_word' id='word_1_187' title='bbox 470 2432 571 2505; x_wconf 86' lang='lat' dir='ltr'><strong>peccet</strong></span> <span class='ocrx_word' id='word_1_188' title='bbox 582 2442 702 2504; x_wconf 88' lang='lat' dir='ltr'><strong>semper</strong></span> <span class='ocrx_word' id='word_1_189' title='bbox 711 2424 846 2486; x_wconf 86' lang='lat' dir='ltr'><strong>affective</strong></span> <span class='ocrx_word' id='word_1_190' title='bbox 860 2430 983 2504; x_wconf 87' lang='lat' dir='ltr'><strong>peccato</strong></span> <span class='ocrx_word' id='word_1_191' title='bbox 996 2423 1150 2498; x_wconf 89' lang='lat' dir='ltr'><strong>adulterii,</strong></span> 
     </span>
     <span class='ocr_line' id='line_1_27' title="bbox 180 2512 1179 2596; baseline 0 -22"><span class='ocrx_word' id='word_1_192' title='bbox 180 2538 196 2574; x_wconf 90' lang='lat'>«</span> <span class='ocrx_word' id='word_1_193' title='bbox 216 2515 439 2596; x_wconf 64' lang='lat' dir='ltr'><strong>sacrilegiam</strong></span> <span class='ocrx_word' id='word_1_194' title='bbox 452 2512 1152 2595; x_wconf 75' lang='lat' dir='ltr'><strong>incestbsvideturuniverseatlirmnrellusem·</strong></span> <span class='ocrx_word' id='word_1_195' title='bbox 1178 2546 1179 2557; x_wconf 62' lang='lat'>2</span> 
     </span>
     <span class='ocr_line' id='line_1_28' title="bbox 179 2601 1149 2683; baseline 0.002 -23"><span class='ocrx_word' id='word_1_196' title='bbox 179 2626 194 2660; x_wconf 94' lang='lat'>«</span> <span class='ocrx_word' id='word_1_197' title='bbox 216 2604 306 2664; x_wconf 87' lang='lat' dir='ltr'><strong>baum</strong></span> <span class='ocrx_word' id='word_1_198' title='bbox 335 2621 406 2665; x_wconf 89' lang='lat' dir='ltr'><strong>cum</strong></span> <span class='ocrx_word' id='word_1_199' title='bbox 436 2602 503 2664; x_wconf 89' lang='lat' dir='ltr'><strong>aliis</strong></span> <span class='ocrx_word' id='word_1_200' title='bbox 529 2601 572 2682; x_wconf 85' lang='lat' dir='ltr'><strong>(et</strong></span> <span class='ocrx_word' id='word_1_201' title='bbox 600 2601 710 2683; x_wconf 88' lang='lat' dir='ltr'><strong>pariter</strong></span> <span class='ocrx_word' id='word_1_202' title='bbox 736 2602 874 2678; x_wconf 76' lang='lat' dir='ltr'><strong>billoart,</strong></span> <span class='ocrx_word' id='word_1_203' title='bbox 900 2602 1040 2671; x_wconf 83' lang='lat' dir='ltr'><strong>Bourier‚</strong></span> <span class='ocrx_word' id='word_1_204' title='bbox 1062 2606 1149 2682; x_wconf 77' lang='lat' dir='ltr'><strong>etc).</strong></span> 
     </span>
     <span class='ocr_line' id='line_1_29' title="bbox 180 2689 1152 2771; baseline 0.004 -22"><span class='ocrx_word' id='word_1_205' title='bbox 180 2713 194 2749; x_wconf 93' lang='lat'>«</span> <span class='ocrx_word' id='word_1_206' title='bbox 217 2691 275 2753; x_wconf 88' lang='lat' dir='ltr'><strong>Sed</strong></span> <span class='ocrx_word' id='word_1_207' title='bbox 292 2690 376 2754; x_wconf 83' lang='lat' dir='ltr'><strong>valde</strong></span> <span class='ocrx_word' id='word_1_208' title='bbox 392 2690 586 2771; x_wconf 88' lang='lat' dir='ltr'><strong>probabiliter</strong></span> <span class='ocrx_word' id='word_1_209' title='bbox 602 2690 788 2771; x_wconf 81' lang='lat' dir='ltr'><strong>negandum,</strong></span> <span class='ocrx_word' id='word_1_210' title='bbox 813 2690 837 2752; x_wconf 89' lang='lat' dir='ltr'><strong>si</strong></span> <span class='ocrx_word' id='word_1_211' title='bbox 860 2690 1071 2760; x_wconf 86' lang='lat' dir='ltr'><strong>concumbens</strong></span> <span class='ocrx_word' id='word_1_212' title='bbox 1096 2689 1152 2753; x_wconf 89' lang='lat' dir='ltr'><strong>de-</strong></span> 
     </span>
     <span class='ocr_line' id='line_1_30' title="bbox 179 2779 1151 2859; baseline 0.002 -20"><span class='ocrx_word' id='word_1_213' title='bbox 179 2804 194 2839; x_wconf 99' lang='lat'>«</span> <span class='ocrx_word' id='word_1_214' title='bbox 216 2779 343 2841; x_wconf 87' lang='lat' dir='ltr'><strong>lactetur</strong></span> <span class='ocrx_word' id='word_1_215' title='bbox 356 2780 394 2841; x_wconf 94' lang='lat' dir='ltr'><strong>de</strong></span> <span class='ocrx_word' id='word_1_216' title='bbox 411 2779 537 2841; x_wconf 86' lang='lat' dir='ltr'><strong>muliera</strong></span> <span class='ocrx_word' id='word_1_217' title='bbox 552 2779 604 2842; x_wconf 92' lang='lat' dir='ltr'><strong>illa</strong></span> <span class='ocrx_word' id='word_1_218' title='bbox 625 2799 642 2840; x_wconf 88' lang='lat' dir='ltr'><strong>a</strong></span> <span class='ocrx_word' id='word_1_219' title='bbox 667 2780 808 2842; x_wconf 88' lang='lat' dir='ltr'><strong>daemone</strong></span> <span class='ocrx_word' id='word_1_220' title='bbox 833 2785 1057 2859; x_wconf 80' lang='lat' dir='ltr'><strong>repraesentata,</strong></span> <span class='ocrx_word' id='word_1_221' title='bbox 1091 2798 1151 2842; x_wconf 91' lang='lat' dir='ltr'><strong>non</strong></span> 
     </span>
     <span class='ocr_line' id='line_1_31' title="bbox 180 2866 1151 2949; baseline 0.002 -21"><span class='ocrx_word' id='word_1_222' title='bbox 180 2892 195 2928; x_wconf 95' lang='lat'>«</span> <span class='ocrx_word' id='word_1_223' title='bbox 215 2866 276 2949; x_wconf 80' lang='lat' dir='ltr'><strong>qua</strong></span> <span class='ocrx_word' id='word_1_224' title='bbox 286 2877 393 2948; x_wconf 84' lang='lat' dir='ltr'><strong>nupta,</strong></span> <span class='ocrx_word' id='word_1_225' title='bbox 407 2875 459 2930; x_wconf 91' lang='lat' dir='ltr'><strong>aut</strong></span> <span class='ocrx_word' id='word_1_226' title='bbox 472 2867 610 2943; x_wconf 89' lang='lat' dir='ltr'><strong>moniali,</strong></span> <span class='ocrx_word' id='word_1_227' title='bbox 626 2867 678 2929; x_wconf 90' lang='lat' dir='ltr'><strong>sed</strong></span> <span class='ocrx_word' id='word_1_228' title='bbox 690 2887 751 2948; x_wconf 88' lang='lat' dir='ltr'><strong>qua</strong></span> <span class='ocrx_word' id='word_1_229' title='bbox 763 2866 907 2949; x_wconf 87' lang='lat' dir='ltr'><strong>pulchra,</strong></span> <span class='ocrx_word' id='word_1_230' title='bbox 916 2869 1003 2946; x_wconf 75' lang='lat' dir='ltr'><strong>Juxta</strong></span> <span class='ocrx_word' id='word_1_231' title='bbox 1022 2874 1151 2930; x_wconf 91' lang='lat' dir='ltr'><strong>senten-</strong></span> 
     </span>
     <span class='ocr_line' id='line_1_32' title="bbox 178 2954 1152 3037; baseline 0.003 -22"><span class='ocrx_word' id='word_1_232' title='bbox 178 2981 194 3016; x_wconf 93' lang='lat'>«</span> <span class='ocrx_word' id='word_1_233' title='bbox 213 2960 287 3019; x_wconf 83' lang='lat' dir='ltr'><strong>tiana</strong></span> <span class='ocrx_word' id='word_1_234' title='bbox 301 2957 485 3036; x_wconf 73' lang='lat' dir='ltr'><strong>hugonis...</strong></span> <span class='ocrx_word' id='word_1_235' title='bbox 500 2963 530 3018; x_wconf 88' lang='lat' dir='ltr'><strong>et</strong></span> <span class='ocrx_word' id='word_1_236' title='bbox 539 2956 670 3037; x_wconf 90' lang='lat' dir='ltr'><strong>aliorum</strong></span> <span class='ocrx_word' id='word_1_237' title='bbox 681 2957 826 3037; x_wconf 88' lang='lat' dir='ltr'><strong>plurium,</strong></span> <span class='ocrx_word' id='word_1_238' title='bbox 840 2957 892 3037; x_wconf 86' lang='lat' dir='ltr'><strong>qui</strong></span> <span class='ocrx_word' id='word_1_239' title='bbox 904 2954 990 3017; x_wconf 84' lang='lat' dir='ltr'><strong>valde</strong></span> <span class='ocrx_word' id='word_1_240' title='bbox 1004 2956 1152 3036; x_wconf 89' lang='lat' dir='ltr'><strong>probabi-</strong></span> 
     </span>
     <span class='ocr_line' id='line_1_33' title="bbox 178 3043 1152 3126; baseline 0.003 -22"><span class='ocrx_word' id='word_1_241' title='bbox 178 3070 194 3105; x_wconf 91' lang='lat'>«</span> <span class='ocrx_word' id='word_1_242' title='bbox 214 3047 279 3109; x_wconf 90' lang='lat' dir='ltr'><strong>liter</strong></span> <span class='ocrx_word' id='word_1_243' title='bbox 288 3045 490 3126; x_wconf 89' lang='lat' dir='ltr'><strong>docentquod</strong></span> <span class='ocrx_word' id='word_1_244' title='bbox 501 3044 660 3107; x_wconf 89' lang='lat' dir='ltr'><strong>delectatio</strong></span> <span class='ocrx_word' id='word_1_245' title='bbox 671 3063 791 3107; x_wconf 88' lang='lat' dir='ltr'><strong>morosa</strong></span> <span class='ocrx_word' id='word_1_246' title='bbox 805 3043 1006 3107; x_wconf 85' lang='lat' dir='ltr'><strong>noninvolvat</strong></span> <span class='ocrx_word' id='word_1_247' title='bbox 1016 3045 1152 3125; x_wconf 89' lang='lat' dir='ltr'><strong>speciem</strong></span> 
     </span>
     <span class='ocr_line' id='line_1_34' title="bbox 138 3132 1153 3218; baseline 0.001 -24"><span class='ocrx_word' id='word_1_248' title='bbox 138 3214 141 3218; x_wconf 10' lang='grc' dir='ltr'><strong>Δ</strong></span> <span class='ocrx_word' id='word_1_249' title='bbox 178 3157 193 3194; x_wconf 90' lang='lat'>«</span> <span class='ocrx_word' id='word_1_250' title='bbox 213 3135 373 3214; x_wconf 75' lang='lat' dir='ltr'><strong>obiecti...</strong></span> <span class='ocrx_word' id='word_1_251' title='bbox 398 3134 455 3195; x_wconf 91' lang='lat' dir='ltr'><strong>nisi</strong></span> <span class='ocrx_word' id='word_1_252' title='bbox 466 3132 691 3195; x_wconf 87' lang='lat' dir='ltr'><strong>circumstantia</strong></span> <span class='ocrx_word' id='word_1_253' title='bbox 705 3151 843 3213; x_wconf 83' lang='lat' dir='ltr'><strong>personae</strong></span> <span class='ocrx_word' id='word_1_254' title='bbox 859 3133 948 3193; x_wconf 90' lang='lat' dir='ltr'><strong>intret</strong></span> <span class='ocrx_word' id='word_1_255' title='bbox 969 3132 1003 3193; x_wconf 92' lang='lat' dir='ltr'><strong>in</strong></span> <span class='ocrx_word' id='word_1_256' title='bbox 1016 3132 1153 3196; x_wconf 88' lang='lat' dir='ltr'><strong>delecta-</strong></span> 
     </span>
     <span class='ocr_line' id='line_1_35' title="bbox 178 3221 1153 3302; baseline -0.001 -18"><span class='ocrx_word' id='word_1_257' title='bbox 178 3226 337 3287; x_wconf 86' lang='lat' dir='ltr'><strong>«tionam.</strong></span> <span class='ocrx_word' id='word_1_258' title='bbox 362 3245 377 3281; x_wconf 83' lang='lat' dir='ltr'><strong>a</strong></span> <span class='ocrx_word' id='word_1_259' title='bbox 402 3257 442 3269; x_wconf 92' lang='lat'>-</span> <span class='ocrx_word' id='word_1_260' title='bbox 464 3225 605 3284; x_wconf 75' lang='lat' dir='ltr'><strong>Attamen</strong></span> <span class='ocrx_word' id='word_1_261' title='bbox 631 3223 655 3283; x_wconf 90' lang='lat' dir='ltr'><strong>si</strong></span> <span class='ocrx_word' id='word_1_262' title='bbox 681 3221 802 3284; x_wconf 86' lang='lat' dir='ltr'><strong>daemon</strong></span> <span class='ocrx_word' id='word_1_263' title='bbox 830 3221 895 3283; x_wconf 89' lang='lat' dir='ltr'><strong>viro</strong></span> <span class='ocrx_word' id='word_1_264' title='bbox 917 3227 1062 3302; x_wconf 88' lang='lat' dir='ltr'><strong>appareat</strong></span> <span class='ocrx_word' id='word_1_265' title='bbox 1092 3221 1153 3283; x_wconf 90' lang='lat' dir='ltr'><strong>sub</strong></span> 
     </span>
     <span class='ocr_line' id='line_1_36' title="bbox 174 3310 1153 3390; baseline -0.002 -15"><span class='ocrx_word' id='word_1_266' title='bbox 174 3313 270 3375; x_wconf 79' lang='lat' dir='ltr'><strong>forma</strong></span> <span class='ocrx_word' id='word_1_267' title='bbox 282 3312 346 3382; x_wconf 86' lang='lat' dir='ltr'><strong>viri,</strong></span> <span class='ocrx_word' id='word_1_268' title='bbox 360 3312 405 3374; x_wconf 90' lang='lat' dir='ltr'><strong>vel</strong></span> <span class='ocrx_word' id='word_1_269' title='bbox 420 3310 541 3373; x_wconf 88' lang='lat' dir='ltr'><strong>mulieri</strong></span> <span class='ocrx_word' id='word_1_270' title='bbox 553 3311 610 3372; x_wconf 86' lang='lat' dir='ltr'><strong>sub</strong></span> <span class='ocrx_word' id='word_1_271' title='bbox 620 3310 756 3373; x_wconf 86' lang='lat' dir='ltr'><strong>mulieris</strong></span> <span class='ocrx_word' id='word_1_272' title='bbox 769 3310 877 3387; x_wconf 81' lang='lat' dir='ltr'><strong>torma,</strong></span> <span class='ocrx_word' id='word_1_273' title='bbox 892 3327 953 3371; x_wconf 93' lang='lat' dir='ltr'><strong>non</strong></span> <span class='ocrx_word' id='word_1_274' title='bbox 964 3316 1062 3390; x_wconf 87' lang='lat' dir='ltr'><strong>polest</strong></span> <span class='ocrx_word' id='word_1_275' title='bbox 1077 3315 1153 3374; x_wconf 87' lang='lat' dir='ltr'><strong>tunc</strong></span> 
     </span>
    </p>
   </div>
   <div class='ocr_carea' id='block_1_3' title="bbox 205 3519 524 3724">
    <p class='ocr_par' dir='ltr' id='par_1_3' title="bbox 205 3519 524 3724">
     <span class='ocr_line' id='line_1_37' title="bbox 206 3519 524 3582; baseline 0 -11"><span class='ocrx_word' id='word_1_276' title='bbox 206 3523 229 3572; x_wconf 90' lang='lat' dir='ltr'><strong>l.</strong></span> <span class='ocrx_word' id='word_1_277' title='bbox 249 3522 311 3572; x_wconf 81' lang='lat' dir='ltr'><strong>bias.</strong></span> <span class='ocrx_word' id='word_1_278' title='bbox 324 3519 348 3582; x_wconf 87' lang='grc'><strong>6,</strong></span> <span class='ocrx_word' id='word_1_279' title='bbox 360 3526 405 3572; x_wconf 87' lang='lat' dir='ltr'><strong>art.</strong></span> <span class='ocrx_word' id='word_1_280' title='bbox 419 3521 457 3572; x_wconf 85' lang='lat' dir='ltr'><strong>lo.</strong></span> <span class='ocrx_word' id='word_1_281' title='bbox 522 3558 524 3562; x_wconf 57' lang='grc'><em>»</em></span> 
     </span>
     <span class='ocr_line' id='line_1_38' title="bbox 205 3591 448 3652; baseline 0.008 -12"><span class='ocrx_word' id='word_1_282' title='bbox 205 3592 228 3641; x_wconf 72' lang='lat'><strong>².</strong></span> <span class='ocrx_word' id='word_1_283' title='bbox 248 3591 302 3643; x_wconf 83' lang='lat' dir='ltr'><strong>Lib.</strong></span> <span class='ocrx_word' id='word_1_284' title='bbox 315 3592 338 3652; x_wconf 88' lang='lat'><strong>3,</strong></span> <span class='ocrx_word' id='word_1_285' title='bbox 352 3603 380 3642; x_wconf 76' lang='lat' dir='ltr'><strong>nt</strong></span> <span class='ocrx_word' id='word_1_286' title='bbox 393 3592 448 3643; x_wconf 78' lang='lat' dir='ltr'><strong>ldl.</strong></span> 
     </span>
     <span class='ocr_line' id='line_1_39' title="bbox 206 3661 425 3724; baseline 0.014 -13"><span class='ocrx_word' id='word_1_287' title='bbox 206 3661 230 3712; x_wconf 84' lang='grc'><strong>3.</strong></span> <span class='ocrx_word' id='word_1_288' title='bbox 247 3662 319 3724; x_wconf 71' lang='lat' dir='ltr'><strong>ibid..</strong></span> <span class='ocrx_word' id='word_1_289' title='bbox 331 3672 358 3712; x_wconf 78' lang='lat' dir='ltr'><strong>n⁰</strong></span> <span class='ocrx_word' id='word_1_290' title='bbox 369 3662 425 3714; x_wconf 81' lang='lat' dir='ltr'><strong>ll5.</strong></span> 
     </span>
    </p>
   </div>
   <div class='ocr_carea' id='block_1_4' title="bbox 0 0 1186 4094">
    <p class='ocr_par' dir='ltr' id='par_1_4' title="bbox 0 0 1186 4094">
     <span class='ocr_line' id='line_1_40' title="bbox 0 0 1186 4094; baseline 0 0"><span class='ocrx_word' id='word_1_291' title='bbox 0 0 1186 4094; x_wconf 95' lang='lat' dir='ltr'><strong> </strong></span> 
     </span>
    </p>
   </div>
  </div>
 </body>
</html>
