2384 4138
476 183 573 233 canus
589 185 622 228 n.
1009 172 1045 229 tt

63 306 111 361 est
123 297 257 359 secretio
271 299 303 358 in
317 298 513 362 sublevamen
539 308 653 361 natunae
674 299 833 380 ejicienda,
845 307 935 379 prout
956 301 1047 362 etiam

66 391 275 449 excrementa.
304 386 431 448 Differre
455 387 554 449 adhuc
567 387 685 449 videtui·
708 388 747 449 sb
770 388 900 449 humore
913 387 966 469 qui
982 388 1049 450 fluit

66 474 98 536 in
120 474 328 549 distillatione,
344 475 459 555 quique
485 484 531 537 est
554 475 641 556 quasi
662 475 871 538 madiusintes
886 479 1006 538 minam
1020 483 1051 538 et

66 581 185 637 semen,
199 581 333 641 quocum
348 575 448 625 tamen
464 563 574 626 colons
588 573 617 624 et
630 564 803 625 viscositatis
820 564 1049 627 similitudinem

66 654 156 732 gerit,
177 649 233 712 sed
248 651 315 711 sine
329 652 436 714 eadem
452 653 567 733 ingenti
582 653 781 714 delectatione
795 661 928 714 emanet.

61 784 66 791 -
108 742 297 802 Praesentem
323 740 486 803 articulum
508 744 672 822 partiemur
685 742 716 802 iu
731 741 809 803 duos
829 741 1048 822 panaguapbos:

65 829 97 890 in
116 834 148 890 l⁰
165 832 211 890 De
233 830 364 909 peccatis
378 829 505 892 luxuriae
518 838 755 905 consummalae;
777 830 808 889 in
823 833 856 890 2⁰
866 831 909 892 De
923 831 1052 910 pcccatis

66 918 203 981 luxuriae
216 935 279 977 non
292 925 512 980 consummatae
528 918 654 980 verbum
674 917 828 980 iaciemus.

532 1103 592 1183 §¹-

285 1261 327 1323 De
339 1262 468 1342 peccatis
480 1262 614 1323 luoeurioe
626 1270 843 1323 consummatio.

106 1444 160 1501 39.
187 1437 256 1498 Alia
270 1444 340 1499 sunt
355 1437 525 1500 secundum
540 1445 691 1514 naturam,
706 1438 829 1519 quando
846 1455 1052 1517 uempeexor-

65 1537 179 1591 centul·
190 1544 228 1587 eo
246 1526 336 1588 modo
358 1526 410 1605 qui
430 1525 616 1605 generationi
632 1527 743 1606 speciei
762 1527 904 1587 buntanae
919 1543 982 1585 non
995 1523 1052 1585 atl-

68 1623 231 1679 versatur:
255 1615 278 1674 si
293 1614 433 1676 videlicet
457 1615 488 1675 in
510 1614 674 1676 concubitu
698 1622 832 1676 servatur
852 1632 941 1675 sexus
954 1612 1053 1673 diven-

60 1723 133 1780 sus,
161 1703 280 1783 speeies
302 1701 427 1779 eadem,
452 1721 504 1764 vas
527 1707 557 1764 et
581 1702 691 1764 modus
713 1702 881 1772 naturalia3
904 1701 962 1762 alia
984 1706 1054 1762 sunt

66 1798 178 1854 contra
194 1796 347 1864 naturam,
366 1791 391 1851 si
406 1809 511 1852 semen
527 1790 699 1852 effundatur
714 1789 805 1852 modo
827 1790 864 1851 nd
884 1789 1055 1869 generatio-

68 1899 143 1944 nem
160 1898 223 1941 non
237 1886 320 1959 apto,
336 1878 427 1940 idest
449 1880 474 1940 si
501 1878 592 1940 modb
618 1884 794 1940 enumerata
810 1896 871 1938 non
886 1884 1053 1952 serventur,

69 1970 131 2032 sive
147 1968 177 2028 id
195 1968 247 2029 liat
270 1966 301 2028 in
317 1967 493 2042 concubitu,
509 1968 570 2030 sive
586 1974 668 2028 extra
682 1965 891 2029 concubitum.

479 2117 625 2170 euucsmt
643 2117 661 2170 l.

87 2258 121 2298 BE
139 2254 256 2296 LUXURIAE
273 2253 443 2294 consumtum
459 2251 572 2292 enecatis
588 2250 749 2290 suuttttmtmtt
765 2249 813 2289 NON
834 2248 1040 2288 memmimus.

114 2394 165 2452 tu.
181 2389 239 2450 Sex
254 2385 426 2467 huiusmodi
442 2387 565 2465 peccata
575 2378 942 2456 recensenturpidelicel:
959 2377 1057 2438 lonni-

73 2479 154 2542 catio
182 2474 325 2556 simplex,
354 2480 507 2553 stupeum,
524 2477 640 2550 raptus,
655 2467 858 2543 adulterium,
875 2469 1007 2528 incestus
1029 2474 1058 2528 et

75 2554 283 2636 sacrilegium.

377 2724 395 2775 l.
404 2725 476 2775 -llc
488 2722 592 2789 simplici
604 2720 776 2772 fornicatione.

115 2880 167 2936 tt.
183 2871 353 2935 Fornicatio
363 2869 491 2932 sumitur
502 2867 654 2929 interdum
662 2884 717 2947 pro
725 2864 832 2945 quovis
839 2863 943 2925 illicito
950 2879 1061 2925 concu-

76 2963 153 3038 bitu,
167 2967 200 3024 ut
223 2962 254 3022 iu
277 2962 309 3021 S.
324 2957 475 3028 Malthace,
488 2975 515 3018 c.
531 2960 562 3030 5,
579 2976 606 3017 v.
624 2958 662 3017 33
679 2974 685 3015 :
712 2953 893 3033 Quicumque
912 2951 1061 3013 dimiserit

78 3072 203 3113 tenorem
218 3068 313 3123 mom,
329 3057 449 3128 eccepto
470 3060 697 3109 sonmcmmms
711 3060 808 3115 consa,
820 3041 896 3122 fouit
908 3061 969 3101 eom
990 3061 1061 3101 niu·

76 3141 182 3207 churi;
206 3138 258 3199 sen
281 3137 476 3199 communius
505 3153 559 3215 pot·
589 3133 668 3192 baim
696 3130 874 3209 intelligitus
895 3128 1062 3190 concubitus

77 3228 170 3289 soluti
183 3246 248 3288 cum
262 3227 360 3286 solutu
374 3243 411 3285 esc
422 3232 520 3284 mutuo
534 3241 680 3282 consensu.
1054 3295 1060 3306 Ι

120 3316 176 3377 Per
202 3315 292 3376 verba
312 3313 402 3374 soluti
428 3319 458 3372 et
479 3310 575 3371 soluto
599 3306 786 3388 intelligendi
809 3315 881 3368 sunt
901 3306 952 3384 qui
976 3304 1062 3366 ttbeu

81 3412 153 3467 sunt
172 3402 348 3465 avinculis.
365 3401 425 3461 site
447 3399 506 3461 toti
519 3397 663 3478 simplicis
684 3403 734 3457 aut
755 3394 911 3466 solemnis
930 3394 992 3455 sive
1010 3411 1062 3454 co-

81 3491 232 3574 gnationis
253 3498 304 3552 aut
318 3489 469 3551 affinitatis
484 3488 515 3549 in
530 3485 673 3565 gradibus
692 3483 866 3565 prohibitis,
882 3482 943 3543 sive
954 3481 1061 3542 matri-

81 3581 188 3642 monii.

121 3674 169 3731 ta.
194 3669 299 3732 Plures
310 3667 507 3748 supprimunt
517 3664 608 3728 verba
617 3683 654 3726 ex
662 3671 762 3723 mutuo
774 3650 1062 3731 consensu,eoquod
