2362 4094
196 196 255 255 llll
484 228 486 233 ·
515 209 555 255 ns
574 207 667 254 arnus
687 208 841 255 vaunnam.

193 330 307 393 simum
326 337 372 392 est
388 347 476 411 posse
497 333 722 391 sacramentum
736 327 793 391 suh
817 327 995 391 conditione
1002 318 1169 492 minida

193 416 601 497 quandoadestjustacausa,
610 415 998 496 prouthlcadeasevidetur
1020 414 1128 478 nescil
1167 476 1169 479 ,

190 504 225 566 in
238 505 290 567 tali
311 504 405 567 dubio
430 512 556 583 cogatur
577 523 708 585 sponsus
729 510 878 585 perpetuo
898 521 1025 566 manere
1052 492 1169 603 caeleui

193 592 345 656 Monendu
359 600 461 655 tamen
475 600 554 655 esset
574 593 667 654 altera
682 610 752 672 pars
764 591 803 653 de
815 592 867 652 tali
886 590 995 653 dobin.
1012 584 1169 667 Gaeterunai

193 681 326 762 precisis
347 680 581 743 circumstantiis
604 680 798 760 specialibus
812 680 942 761 quisque
962 678 1001 740 ad
1016 679 1169 769 inatrimot

193 767 579 855 niumpraesumendusest
593 768 714 830 habilis.
831 802 835 808 ·
1167 734 1169 921 ἰ

232 865 288 928 Vel
300 871 456 928 contracto
468 864 615 929 duntaxat
634 864 831 927 matrimonio
843 865 1020 946 supervenit
1032 863 1164 931 dubium

192 958 245 1016 aut
268 972 331 1015 non
354 953 493 1016 obstante
515 953 610 1015 dubio
637 953 746 1016 initum
774 953 831 1014 luit
851 952 1042 1033 coniugium,
1059 960 1092 1016 et
1106 960 1166 1015 tum

194 1041 273 1105 licite
285 1042 423 1105 debitum
447 1042 508 1124 peti
534 1047 566 1105 et
591 1041 676 1104 reddi
701 1041 822 1123 poterit
846 1043 905 1102 Pro
925 1040 984 1103 ltoc
997 1041 1085 1103 enim
1104 1054 1164 1103 cau

191 1129 280 1193 datur
294 1130 450 1194 triennalis
464 1130 677 1212 experientia
670 1149 701 1192 m
715 1148 782 1211 cap
800 1129 1008 1203 Laudabilem,
1025 1116 1169 1211 [lefrici-¹

192 1218 298 1284 ditate
321 1221 455 1282 Durante
465 1226 566 1281 autem
578 1218 636 1281 hoc
650 1219 792 1293 triennio,
802 1217 883 1280 lrerte
891 1224 1019 1299 possunt
998 1166 1169 1297 coniugati

193 1308 355 1389 copulam
347 1315 507 1382 intentare,
521 1307 590 1370 licet
601 1326 682 1387 saepe
707 1313 759 1370 aut
772 1325 893 1388 semper
907 1323 1014 1369 semen
1028 1314 1122 1368 extra
1118 1294 1169 1365 val

193 1395 361 1458 effundant
377 1383 670 1460 ltacommuniter¹
1167 1386 1169 1459 i

232 1495 322 1555 Juxta
336 1491 471 1554 Sanchez
483 1496 496 1529 ¹
510 1491 626 1555 tamdiu
636 1492 706 1555 licet
719 1493 839 1574 sponsis
856 1492 1002 1573 copulam
1026 1472 1169 1555 inunum*

192 1578 340 1660 quamdiu
354 1587 401 1642 est
415 1580 579 1661 probabilis
600 1599 670 1662 spes
684 1581 856 1644 seminandi
868 1582 947 1643 intra
961 1598 1025 1655 vae,
1051 1580 1161 1643 absente

192 1665 1159 1751 veroittaspeprobantu,st,omnihusperpensiscireumsantits

192 1755 320 1818 omnino
340 1755 469 1818 dubium
484 1764 562 1818 esset
574 1756 613 1819 de
628 1758 814 1839 impotentiae
829 1757 1050 1838 perpetuitate,
1065 1755 1160 1820 sufficit

193 1848 267 1904 tunc
278 1843 436 1906 triennalis
447 1844 646 1926 experientia.
868 1837 871 1841 ’

181 1972 183 1977 ·
216 1963 285 2022 353.
298 1962 371 2023 Haec
382 1960 506 2042 quidem
517 1980 572 2043 pro
585 1961 652 2024 loro
662 1963 791 2025 interno.
801 1948 908 2036 Quoad
917 1968 1168 2035 reroexternurm

194 2049 224 2108 l⁰
237 2049 416 2128 contingere
430 2056 527 2130 potest
541 2050 623 2131 quod
637 2068 717 2114 unus
731 2050 771 2112 ob
782 2051 912 2113 dubium
937 2040 1168 2131 inpotenuaert'

85 2148 88 2153 ’
192 2134 262 2212 alio,
278 2137 457 2199 auctoritate
470 2138 596 2218 privata,
613 2139 780 2211 recesserit,
798 2138 852 2200 sed
860 2137 953 2217 judex
966 2138 1059 2201 debet
1073 2136 1159 2199 statim

192 2241 263 2286 eum
274 2241 385 2305 cogere
398 2223 437 2287 ad
450 2224 653 2297 redeundum,
669 2227 726 2307 nisi
747 2226 902 2290 evidentes
915 2227 1064 2306 producat
1075 2225 1158 2304 impe

191 2312 295 2374 tentiae
328 2313 538 2397 probationem
568 2315 593 2375 si
623 2321 813 2378 autemnon
845 2316 1004 2378 recesserit
1023 2314 1079 2375 nisi
1106 2316 1159 2394 post

191 2398 313 2461 triennii
327 2401 557 2482 experientiam,
571 2403 664 2485 iudex
676 2403 767 2465 debet
786 2422 857 2467 cum
871 2403 988 2466 audire.
1000 2407 1033 2463 31
1047 2403 1077 2465 Si
1092 2416 1157 2463 unus

192 2486 302 2569 alleget
317 2489 538 2570 impotentiam,
548 2491 649 2551 altero
665 2496 806 2571 negante,
821 2491 911 2553 datur
929 2490 1065 2569 ltjudice
1076 2490 1156 2551 trien·

193 2575 279 2637 nium
293 2577 331 2637 ad
344 2579 589 2657 experiendum
582 2597 589 2610 ·
608 2579 659 2640 ubi
675 2579 843 2641 notandum
858 2587 902 2641 est
917 2579 997 2640 hanc
1008 2578 1167 2671 creperico-¹3

193 2663 265 2725 tiam
292 2666 470 2728 continuam
498 2668 652 2729 moraliter
676 2686 743 2730 esse
762 2667 894 2744 debere3
919 2661 1155 2729 neoolliceretsi

192 2769 273 2814 unus
283 2771 466 2834 sponsorum
481 2755 625 2817 abfuisset
637 2773 691 2837 per
706 2774 804 2819 unum
817 2760 871 2818 aut
890 2755 1020 2816 alterum
1035 2766 1155 2815 mensem

193 2857 398 2919 perannum;
415 2843 525 2905 sivero
551 2850 673 2924 tempus
694 2862 832 2907 recessus
859 2842 981 2923 longius
1003 2842 1116 2915 luisset,
1127 2835 1154 2907 si,

192 2948 220 2990 a
234 2947 278 3008 g
309 2948 364 3010 per
391 2949 442 2994 sex
471 2950 591 2994 menses
616 2931 748 3009 duraret,
771 2931 980 3013 supplendum
1006 2930 1155 3006 tuncesstl

179 3015 365 3095 'hujusmodi
373 3026 494 3100 tempus
508 3024 520 3057 1
524 3020 715 3083 Notandum
727 3020 839 3103 pariter
853 3039 914 3084 non
927 3038 944 3082 a
955 3019 1005 3081 die
1016 3012 1154 3081 sententia

188 3104 343 3186 judicis
336 3107 470 3188 incipere
497 3107 609 3170 debere
645 3109 822 3183 triennium,
851 3107 1003 3190 quidquid
1031 3100 1152 3169 nonnulli

187 3195 310 3268 dicant,
339 3195 392 3256 sed
419 3196 519 3259 verius
555 3203 731 3278 atempore
760 3203 912 3258 attentatu
937 3195 1067 3277 copulae
1082 3196 1152 3275 prout

191 3282 351 3346 deducitur
364 3302 474 3368 excep.
492 3284 687 3348 Laudabilem
702 3285 866 3366 precium,
881 3284 933 3347 ubi
946 3284 1060 3346 dicitur
1072 3303 1089 3344 α
1099 3291 1152 3342 terr

226 3544 977 3617 1.3.11131101.,11113111133;118111111111111311113
993 3543 1117 3623 1031113

224 3617 248 3664 3.
267 3616 320 3666 Lib.
332 3619 357 3675 ll,
371 3617 433 3681 disp.
448 3617 487 3675 13,
502 3628 529 3665 111
541 3619 597 3667 31
702 3641 705 3647 ·
1117 3658 1121 3665 .

226 3686 248 3733 3.
267 3686 369 3746 Sanun,
382 3685 438 3737 idad
443 3688 524 3751 ,disp
539 3687 591 3748 ltu,
608 3689 671 3738 nro
722 3684 725 3687 ’
776 3692 780 3699 ”
