2378 4102
307 179 497 231 mssnnrxno
517 183 562 228 nr.
587 183 682 229 orror
700 185 722 229 r.
949 174 1005 233 183

11 288 1003 385 lboturExodusc.2t‚v.22,J'uxtarersionemSeptuagintorum:

25 390 92 467 Qut
99 393 287 476 percusserit
299 389 456 452 mulierem
470 399 672 471 proepnoatem
693 399 721 451 et
740 391 798 452 illo
813 394 945 454 obortam
959 397 1006 477 fe-

11 480 117 555 turta,
139 481 169 542 si
189 482 279 561 scetus
294 480 531 552 mutuatantes,
546 479 627 540 (ladit
637 480 768 540 animam
782 498 838 562 pro
851 483 969 563 animm·
980 486 1007 545 si

11 570 162 632 'mum
176 580 243 632 erut
255 569 412 649 sonamus,
428 568 603 628 multabitur
612 573 750 648 petriolo.
762 572 852 630 Juxta
861 589 930 631 tero
938 574 1006 652 Hip

11 650 200 741 l'decretam
215 657 370 718 masculus
385 673 447 716 non
457 657 611 717 animatur
626 657 681 716 nisi
695 656 745 717 die
760 659 809 730 30,
824 658 870 719 vel
885 662 941 729 35,
959 661 1006 721 vel

11 750 78 820 40,
92 746 141 808 vel
155 751 214 822 453
231 746 344 806 lomina
358 745 414 805 nisi
428 744 477 804 die
490 747 541 817 35,
554 745 600 805 vel
615 749 666 816 40,
684 746 728 805 vel
742 750 793 819 45,
804 746 849 830 iel
864 750 1006 809 50.·Tan·

11 834 100 898 'ilem
116 844 150 897 ut
165 833 283 914 regula,
299 843 367 914 post
380 833 582 907 Aristotelem,
598 832 758 894 tenebatur
768 853 867 895 mares
878 837 1006 898 animari

11 924 78 986 *die
97 928 151 1000 40,
168 921 304 984 femellas
319 921 432 994 dieto,
448 927 477 979 et
491 919 570 980 hanc
580 922 715 999 sequitur
727 921 827 982 torum
847 924 1006 985 ecclesias-

11 1013 126 1074 'ticum
151 1011 253 1092 quoad
272 1024 378 1091 poeuas
396 1008 629 1088 procurantibus
650 1008 789 1069 abortum
812 1010 1002 1089 infligendas,

24 1100 167 1180 itemque
178 1102 268 1161 Sacra
284 1096 510 1159 Poenitentiaria
532 1094 607 1156 dum
621 1097 721 1176 agitur
734 1097 1005 1177 de.ir·regularitate

26 1197 58 1251 et
71 1189 142 1250 aliis
166 1188 272 1268 poenis,
291 1219 329 1232 -
348 1188 414 1246 Non
427 1183 606 1244 omittebant
619 1191 722 1245 taurea
736 1193 875 1248 auctores
899 1189 1004 1249 obser-

26 1296 98 1339 vare
119 1295 186 1338 rem
205 1293 270 1337 esse
289 1274 375 1335 valde
391 1274 550 1345 incertam,
573 1279 603 1332 et
620 1273 752 1334 multum
769 1275 924 1353 probabile
938 1295 1005 1340 esse

27 1365 151 1441 fletum,
176 1365 267 1427 ctiam
280 1381 370 1425 sexus
383 1361 517 1434 fascinet,
531 1361 659 1422 animari
674 1371 743 1422 ante
760 1363 842 1424 diem
856 1368 906 1426 to.
922 1366 1002 1426 Can·

28 1456 167 1535 giumda,
184 1454 214 1514 in
224 1471 287 1514 suu
296 1456 388 1531 opere
402 1449 443 1510 lle
455 1466 542 1511 socru
553 1449 765 1531 ambutabam,
781 1453 885 1513 asserit
898 1472 1004 1532 scpro

27 1545 105 1622 priis
141 1542 238 1603 oculis
262 1539 372 1600 vidisse
404 1539 509 1599 loetum
537 1538 689 1599 sexdecim
708 1539 852 1601 duntaxat
883 1542 1003 1605 dierum

28 1631 217 1712 praebentem
232 1629 319 1708 signa
335 1627 402 1689 vitm
415 1644 475 1687 non
496 1625 668 1705 ambigua&
692 1626 788 1688 Hodie
808 1637 920 1702 autem,
937 1641 1003 1710 post
1028 1700 1032 1707 ,

29 1719 233 1781 accuratiores
260 1716 497 1785 observationes,
518 1722 562 1774 sat
587 1717 760 1776 communis
784 1717 875 1777 evasit
900 1719 1003 1798 opinio

30 1825 158 1869 omnem
178 1807 285 1868 toetum
306 1804 407 1865 statim
429 1821 446 1864 a
466 1803 665 1882 conceptione
679 1804 835 1865 auinrari².
851 1806 909 1866 Sed
924 1826 1003 1888 saepe

29 1903 113 1958 certe
132 1894 283 1974 contingit
303 1891 387 1973 quod
399 1890 491 1953 loetus
515 1891 641 1951 decedat
661 1898 730 1953 ante
752 1911 841 1954 suum
860 1893 898 1954 ab
916 1902 1002 1959 utero

29 2003 219 2064 egressum..
699 2016 701 2022 ·

70 2076 140 2134 319.
164 2070 263 2133 Media
288 2067 399 2150 quibus
418 2068 494 2129 solet
512 2065 674 2128 efficaciter
697 2069 851 2147 procurari
878 2069 1002 2133 abortus

30 2169 112 2235 sunt,
127 2166 235 2239 prater
245 2157 470 2238 Jugnlationem
482 2161 513 2217 et
526 2156 732 2216 concisionem
746 2157 778 2216 in
795 2164 880 2217 utero
893 2176 1000 2237 perac-

30 2254 90 2309 tam
100 2276 106 2307 :
118 2254 149 2310 l⁰
158 2247 412 2325 membranaeque
421 2242 669 2305 loetusclauditur
682 2241 830 2324 disruptio
838 2244 1001 2308 :bacenim

31 2336 175 2398 scissione
194 2333 379 2396 subtrahitur
394 2333 494 2413 liquor
509 2332 539 2392 in
551 2350 612 2411 quo
629 2331 717 2392 lectus
732 2337 827 2406 natat3
841 2334 921 2394 unde
934 2353 1000 2396 am-

14 2454 15 2457 *
31 2425 149 2504 pliusin
163 2442 199 2485 ea
213 2424 311 2484 vivere
323 2421 438 2502 nequit,
449 2420 504 2482 elsi
515 2420 545 2479 in
557 2419 872 2499 lucemvirusprodire
886 2423 981 2484 valeat
989 2443 999 2497 ;
1024 2452 1028 2457 ·

31 2520 61 2573 2⁰
74 2514 251 2589 extrinsecae
265 2510 475 2592 percussiones
488 2515 542 2569 aut
554 2509 812 2588 compressionem
827 2513 860 2571 3⁰
872 2529 1001 2574 succus-

31 2603 129 2662 siones
142 2601 293 2672 violentae,
304 2597 526 2660 contractiones
538 2613 699 2657 nervorum
710 2614 763 2660 seu
773 2597 998 2677 convulsiones3

32 2693 60 2749 4⁰
86 2689 232 2770 librorum
256 2686 398 2749 relaxatio
421 2703 458 2747 ex
479 2701 540 2765 qua
565 2683 652 2745 litut
675 2684 770 2747 tostus>
788 2687 923 2766 pondere
944 2707 1001 2750 suo

32 2795 160 2857 pressus,
177 2783 357 2857 praenrature
372 2779 529 2835 nascatur:
540 2774 604 2833 sive
617 2773 790 2835 naturaliter
801 2774 997 2851 haserenan,

31 2869 90 2928 sive
105 2872 180 2940 arte,
196 2865 311 2925 balneis
327 2881 452 2942 nempe,
476 2861 631 2923 medicatis
653 2862 846 2942 potionibus,
866 2866 1000 2927 sectione

32 2971 185 3026 venarum,
202 2960 274 3026 etc,
291 2952 321 3013 id
336 2951 513 3013 efficiatur⁸.

69 3047 136 3104 aad.
161 3043 283 3114 Ouaerit.
302 3045 332 3101 1ο
348 3045 393 3101 1η
408 3038 495 3100 matri
510 3037 539 3098 in
562 3042 696 3101 extremo
711 3040 817 3100 morbo
828 3041 1000 3103 constitutae

34 3131 117 3193 liceat
137 3149 258 3192 sumere
278 3129 448 3191 remedium
470 3126 508 3186 ad
530 3126 644 3188 directe
665 3128 878 3209 expellendum
893 3130 999 3191 loetum

35 3218 250 3280 inanimatum?

65 3392 86 3439 1.
105 3390 153 3439 nu.
167 3390 281 3447 bouvier,
294 3392 320 3438 ia
332 3389 445 3447 Scotum,
460 3404 483 3453 p.
501 3387 555 3438 200.

65 3461 86 3509 b.
110 3463 132 3513 V.
144 3463 260 3511 otrservat
280 3460 406 3518 ballerini,
417 3459 442 3507 io
453 3458 544 3518 n⁰l023
556 3459 584 3508 P.
598 3460 674 3525 (ἕως
683 3461 755 3512 dart.
769 3463 884 3521 Gousset,
893 3463 995 3523 librale,

39 3538 54 3581 t.
70 3535 91 3592 t,
104 3541 130 3580 η0
141 3531 184 3580 611
194 3548 201 3591 3
210 3530 305 3593 Abrlpe'
316 3533 344 3580 dc
356 3530 537 3594 t’embruolopic
557 3532 649 3590 sacrae,
662 3548 684 3596 p.
699 3533 729 3581 15
739 3539 764 3581 et
775 3533 814 3590 16,
826 3541 851 3581 et
862 3540 908 3581 art.
923 3534 994 3584 D.-F.

39 3601 113 3653 bunut
123 3602 152 3652 de
164 3601 356 3660 saint-blaciou,
372 3606 389 3650 t.
403 3601 443 3660 bl,
460 3617 483 3665 p.
497 3601 520 3660 5,
532 3601 615 3653 Reduc
626 3603 666 3652 des
677 3605 781 3653 adaucta
790 3603 873 3651 ecclia.

63 3673 86 3723 3.
102 3672 222 3732 Ballerini,
235 3685 311 3736 super
323 3680 351 3719 n⁰
365 3669 413 3719 toa
422 3670 449 3720 P.
463 3670 536 3733 Gury.
