2362 4094
196 209 254 274 aaa
516 224 554 270 aa
573 225 666 272 araus
685 224 837 274 venereis.

233 343 303 402 230.
319 340 358 401 ‘1⁰
379 339 572 402 Nullomodo
582 346 688 421 peccat
698 340 808 402 mulier
818 338 1072 420 secriransj'uxta
1085 341 1150 403 suan

193 428 398 491 conditionem
412 427 450 490 ad
465 428 650 509 placendum
665 429 729 490 viro
740 446 808 503 suc,
823 426 926 489 autad
950 446 1107 508 sponsum
1117 428 1150 489 in·

193 516 389 589 veniendum,
418 516 465 578 vel
491 536 530 578 ue
558 536 612 578 sua
636 517 772 578 libertate
796 515 940 596 privetur.
971 517 1102 578 Constat
1127 533 1150 576 ei

197 605 352 685 Apostolc,
367 608 381 667 l
394 603 432 667 ad
445 605 538 679 Tim,
553 624 582 666 c.
593 610 625 680 2,
635 625 664 667 v.
677 610 716 678 93
743 610 876 666 attamen
892 605 915 665 si
933 606 1150 667 exornatum

195 692 372 772 previderet
386 694 518 774 aliquem
527 693 559 754 in
573 693 744 774 particulari
751 693 815 755 lore
827 694 988 773 lapsurum
1000 694 1150 755 mortaliter

165 852 169 863 1
192 787 358 856 teneretur,
367 783 449 863 juxta
462 783 493 843 S.
505 781 655 862 Ligucr.¹‚
666 781 713 843 bis
724 780 771 843 vel
782 783 906 843 semela
921 787 1090 861 conspectu
1104 783 1149 860 ejus

192 871 362 934 antedicto
376 876 484 933 ornatu
500 887 532 931 se
541 870 702 932 abstinere.

232 963 302 1022 att.
325 963 360 1022 2⁰
380 957 1149 1021 Siseornetmulierextrasuamccuditionemcausa

157 1117 168 1134 ἢ
193 1049 389 1111 vanitatisaut
398 1046 549 1128 placendi,
561 1053 594 1108 ut
609 1064 737 1127 procum
751 1046 867 1108 facilius
879 1047 1026 1124 invenian
1043 1049 1149 1128 quintr-

193 1152 265 1197 mcn
274 1138 392 1219 lapsum
404 1136 531 1214 alicujus
545 1135 577 1196 in
590 1134 762 1215 particulari
777 1135 937 1215 prevideat
950 1143 1002 1198 aut
1015 1135 1147 1207 intendat,

193 1224 577 1308 peccatquidemilla,lcum
589 1223 709 1304 jusnon
724 1223 834 1284 habeat
853 1222 891 1284 ad
914 1223 1008 1285 talem
1022 1229 1147 1286 ornatun

192 1315 393 1394 superfluum,
416 1314 469 1377 sed
492 1311 612 1388 nonnisi
632 1310 806 1386 venialiter3
829 1309 978 1373 lethaliter
1000 1330 1072 1373 vero
1091 1328 1147 1392 pec·

191 1409 273 1464 caret
283 1401 458 1481 hujusmodi
470 1407 578 1463 ornatu
590 1418 652 1461 non
665 1417 697 1461 se
705 1399 872 1473 abstinens,
886 1400 912 1461 si
923 1397 1147 1482 lapsusprcrini

192 1490 345 1552 timendus
364 1491 486 1552 essetin
503 1486 694 1571 particulari3
720 1505 774 1568 per
799 1487 888 1551 breve
912 1495 1035 1570 tempus
1048 1494 1146 1561 tamen,

48 1552 53 1560 ,
142 1645 143 1649 ,
189 1575 431 1656 juxtaLessiuin,
444 1578 557 1640 femina
572 1583 691 1640 tenetur
705 1577 762 1637 sub
776 1577 857 1656 gravi
872 1575 960 1639 illum
973 1577 1147 1658 superfluum

192 1674 333 1749 ornatum
346 1667 470 1729 vitare¹.
486 1669 582 1729 Docet
595 1672 697 1727 autem
712 1666 743 1727 S.
759 1664 902 1738 'lhoinas
913 1664 1057 1728 mulieres
1069 1685 1147 1747 appe·

191 1760 289 1818 tentes
301 1754 372 1816 viris
387 1755 517 1836 placere,
532 1774 594 1817 non
617 1753 686 1815 ideo
710 1772 830 1835 semper
844 1773 971 1836 peccare
997 1756 1148 1816 mortaliter

192 1841 262 1904 licet
275 1861 336 1927 non
350 1843 410 1905 sint
423 1845 604 1924 conjugatae,
622 1860 680 1904 nec
690 1842 786 1904 velint
799 1851 850 1904 ant
867 1842 983 1923 possint
1004 1843 1147 1904 manime

192 1930 279 2013 nium
293 1931 382 2006 inire,
398 1932 450 1994 scd
466 1933 596 2012 graviter
611 1948 737 2010 peccare
750 1931 774 1992 si
789 1949 822 1993 se
833 1938 943 1992 ornent
957 1938 990 1993 ut
1003 1931 1080 1993 alios
1091 1949 1147 2012 pre·

192 2025 298 2102 vocent
312 2020 349 2081 ad
364 2020 654 2102 concupiscentiam,
679 2037 740 2081 non
755 2038 825 2085 vero
840 2020 864 2082 si
883 2026 1002 2081 tanturn
1026 2022 1148 2101 quaerant

191 2107 528 2188 placereexvanitate⁸.
945 2133 948 2141 ’

229 2198 261 2256 3⁰
283 2197 424 2259 Mulieres
437 2205 527 2278 caput
540 2199 766 2278 discoopertum
781 2204 811 2260 et
830 2197 954 2279 capillos
969 2197 1095 2259 intortos
1107 2200 1148 2257 aut

190 2283 305 2346 alienos
311 2285 455 2348 habentes
460 2286 546 2367 juxta
556 2305 673 2348 morem
685 2289 800 2369 patria,
808 2285 984 2348 vel'nullum
994 2285 1147 2347 velsoluin·

190 2373 282 2434 modo
295 2374 411 2436 veniale
426 2383 582 2455 peccatum
596 2376 792 2439 committunt
798 2397 808 2451 3
824 2393 923 2448 secus,
946 2374 972 2436 si
995 2392 1032 2451 ex
1057 2373 1147 2453 aliquo

189 2461 250 2522 alio
263 2461 326 2525 fine
339 2464 469 2543 graviter
479 2465 574 2525 malo.

227 2554 260 2610 4⁰
281 2553 396 2613 Facere
410 2551 519 2614 faciem
541 2552 579 2613 acl
597 2551 763 2633 tegendum
781 2550 934 2615 delectum
960 2549 1009 2611 vel
1037 2549 1076 2612 ad
1096 2547 1145 2628 pla·

189 2640 322 2712 cendum
342 2641 407 2701 viro
428 2658 495 2714 suo,
521 2643 643 2722 peccato
667 2648 765 2716 caret3
793 2640 817 2701 si
841 2646 942 2702 antem
967 2637 1020 2700 liat
1047 2635 1145 2699 exsule

189 2725 328 2798 vanitate,
340 2734 391 2788 aut
403 2725 666 2800 adinveniendum
678 2729 788 2804 virum
803 2727 981 2801 cavaniola,
998 2728 1023 2787 si
1038 2724 1144 2808 quiden

188 2813 243 2875 viri
258 2812 356 2895 decipi
373 2815 482 2878 nolunt
488 2838 497 2891 3
514 2816 640 2878 mortale
654 2835 725 2879 vero
738 2818 762 2878 si
773 2816 803 2879 id
818 2816 928 2879 iaciant
942 2815 979 2877 ari
992 2815 1143 2897 provocari·

188 2903 263 2964 dum
277 2901 314 2963 ad
324 2899 601 2984 concupiscentiam
614 2912 697 2967 extra
711 2905 950 2967 matrimonium.

228 2992 297 3051 232.
307 2995 339 3052 5⁰
350 2992 480 3054 Alterius
492 3011 585 3056 sexus
601 3001 698 3056 vestes
708 2994 834 3056 induere
847 3012 919 3056 curn
932 2993 1144 3057 intentioneaut

188 3079 270 3160 gravi
285 3080 419 3159 periculo
436 3080 569 3142 libidinis
582 3089 634 3144 aut
646 3081 789 3144 scandalo
804 3082 942 3155 notabili,
956 3088 1002 3143 est
1016 3080 1142 3148 oronaim

189 3168 212 3229 si
229 3167 280 3228 frat
294 3174 411 3230 tantum
426 3187 462 3231 ex
475 3171 545 3248 joco
558 3177 609 3231 aut
624 3170 752 3246 levitate,
767 3170 884 3232 veniale
897 3169 1089 3233 solummodo
1099 3174 1142 3230 est.

188 3255 332 3337 idemque
344 3263 389 3317 est
402 3257 567 3320 <licendum
578 3258 617 3320 de
631 3258 668 3320 iis
682 3258 734 3340 qui
749 3257 894 3321 incedunt
904 3257 1010 3320 larvati
1018 3280 1027 3336 3
1041 3277 1092 3321 ecs
1103 3273 1143 3318 au·

189 3351 250 3407 tem
259 3343 437 3426 aspicientes
443 3346 483 3408 cb
491 3345 706 3424 curiositatem,
717 3353 747 3409 et
760 3346 824 3411 risu
831 3346 1027 3427 excipientes,
1035 3347 1141 3428 peccam

220 3561 243 3609 l.
262 3562 315 3612 Lib.
328 3563 352 3624 2,
364 3573 392 3614 u⁰
402 3563 441 3613 st.

220 3630 244 3678 Ξ.
263 3630 289 3681 S.
307 3632 370 3697 lig..
382 3634 439 3683 illd.

221 3698 245 3748 3.
261 3700 285 3759 2,
299 3702 323 3762 2,
336 3717 361 3767 q.
374 3703 427 3763 169,
441 3709 485 3754 art.
499 3705 522 3754 2.
