2378 4102
309 189 499 237 urssnnmuo
517 193 552 235 u.
575 188 671 237 aanor
691 189 736 232 m.
953 172 1011 229 tra

483 352 499 433 a
519 355 556 415 u.

120 514 251 561 aucum
272 515 431 562 CONJUGUM'
445 517 500 562 PER
521 515 695 572 DEFEGTUM,
724 515 762 558 ET
782 515 917 560 lllss'iillils

407 623 448 668 DE
468 622 625 669 ONANISMO.

70 774 136 833 307.
162 775 293 834 Peccaot
318 772 466 853 conjuges
480 772 517 846 si,
543 774 573 833 io
599 791 655 834 usu
675 772 860 833 matrimonii
875 772 920 833 vel
943 780 1010 852 post

38 876 131 936 usum,
151 861 265 942 aliquid
285 860 395 922 faciant
410 880 471 941 quo
488 861 672 941 impediatur
692 861 858 940 generatio,
879 860 922 919 rel
947 881 1009 941 quo

38 963 132 1010 semen
154 957 313 1030 receptum
329 951 492 1029 rejiciatur,
509 951 579 1028 quia
601 959 695 1029 agunt
709 957 814 1010 contra
830 949 924 1010 finem
941 969 1008 1010 ma-

38 1035 163 1098 trimonii
180 1059 187 1098 :
203 1058 231 1098 v.
249 1058 293 1118 g.‚
310 1040 334 1099 si
356 1056 433 1099 uxor
457 1040 557 1099 statim
573 1046 640 1119 post
654 1037 795 1118 copulam
816 1039 936 1116 mingit,
958 1046 1010 1100 aut

37 1127 134 1204 surgit,
151 1136 202 1188 aut
218 1126 332 1206 aliquid
351 1127 431 1187 eliud
457 1126 526 1187 lacit
540 1126 647 1187 animo
668 1134 702 1188 ut
724 1144 829 1187 semen
852 1132 1008 1205 receptum

36 1214 165 1292 expellat.
181 1215 404 1276 advertendum
424 1221 527 1276 tamen
541 1221 586 1275 est
601 1214 760 1275 matricem
775 1213 857 1276 brevi
873 1221 1008 1295 tempore

37 1316 132 1363 semen
149 1303 298 1366 attrahere
313 1311 341 1364 et
356 1303 524 1365 arctissime
538 1304 637 1364 claudi
650 1309 672 1363 ¹.

70 1411 137 1472 308.
163 1411 286 1481 Quaerit.
319 1416 349 1471 t⁰
376 1413 423 1470 Ao
451 1409 615 1470 mortaliter
641 1415 768 1490 peccent
793 1410 939 1489 conjuges
964 1411 1007 1486 si,

38 1491 160 1577 incoepta
174 1500 294 1580 copula,
312 1499 543 1561 seminationem
559 1497 748 1559 cohibeant?

69 1604 159 1685 Resp.
185 1606 238 1667 Vel
262 1605 291 1666 io
311 1605 369 1667 hoc
395 1605 486 1666 ambo
513 1611 584 1666 sunt
603 1605 838 1678 consentientes,
861 1604 907 1666 rel
928 1624 1008 1668 unus

36 1695 147 1754 tanturn
170 1694 213 1754 sic
227 1695 298 1774 agit.
334 1695 487 1776 inprime
506 1713 586 1768 cusu,
611 1713 672 1754 non
696 1694 780 1755 adest
798 1700 872 1756 tuuc
897 1713 951 1774 per
975 1714 1008 1758 se

38 1777 183 1861 loquendo
198 1789 356 1864 peccatum
372 1784 509 1858 mortale,
526 1782 617 1843 modo
636 1782 711 1843 absit
727 1783 898 1862 periculum
914 1785 1008 1845 somi-

39 1871 122 1931 nandi
141 1880 225 1933 extra
239 1890 291 1934 vas
308 1872 404 1953 :unia
423 1872 502 1933 vasis
522 1871 837 1952 feminei-penetratio
863 1879 908 1933 est
936 1891 1007 1952 pro-

38 1957 113 2033 prius
128 1966 226 2022 tactus
240 1961 453 2035 verendorum,
472 1962 525 2040 qui
539 1961 743 2022 communiter
759 1979 820 2021 non
836 1960 963 2023 habetur
976 1971 1008 2045 ut

37 2041 137 2111 lethale
160 2049 239 2110 inter
252 2051 411 2129 conjuges,
427 2050 545 2111 secluso
566 2048 742 2129 pollutionis
761 2056 843 2110 extra
864 2068 915 2111 vas
929 2052 1006 2130 peri-

38 2135 109 2197 culo.
130 2138 242 2199 [licitur
253 2158 309 2218 per
321 2158 350 2199 se
365 2137 520 2219 loquendo,
536 2139 607 2219 quia
620 2137 696 2221 solet
708 2137 813 2199 adesse
831 2138 1006 2217 pollutionis

37 2225 197 2318 periculum
212 2246 249 2288 ex
267 2227 441 2327 hujusmodi
461 2229 653 2301 retractione,
669 2245 705 2288 ac
727 2227 881 2307 proinde
875 2245 906 2286 m
922 2229 1006 2306 praxi

38 2309 183 2377 immunes
205 2334 266 2376 non
287 2321 358 2376 sunt
371 2316 516 2395 conjuges
537 2335 553 2376 a
574 2334 656 2403 gravi
647 2314 791 2389 delict0‚
813 2315 869 2375 nisi
890 2318 1005 2396 experti

37 2396 141 2463 luerint
155 2405 260 2466 abesse
275 2404 332 2494 tale
345 2403 527 2483 periculum.

69 2502 100 2561 In
111 2502 237 2564 secundo
250 2487 320 2562 cusu
333 2509 414 2563 certe
426 2501 556 2580 graviter
570 2507 674 2582 peccat
688 2502 801 2579 conjux
815 2494 860 2563 sic
868 2474 900 2563 se
909 2508 1004 2565 retra-

37 2581 128 2651 hendo
150 2591 215 2652 sine
230 2591 360 2661 alterius
386 2609 550 2662 consensu,
577 2609 614 2651 eo
636 2589 720 2671 quod
740 2591 826 2653 istius
848 2592 896 2668 jus
916 2591 1005 2655 laedat

37 2690 98 2738 cum
123 2679 259 2759 periculo
279 2679 486 2759 pollutionis¹.
503 2679 562 2740 Sed
585 2679 658 2759 quid
690 2679 714 2739 si
737 2698 817 2741 unus
831 2680 1002 2760 seminave-

37 2763 88 2827 rit‘l
102 2771 253 2830 Potest-ne
265 2769 340 2828 alter
353 2767 495 2828 cohihere
505 2768 762 2829 seminationem?

69 2874 157 2953 Resp.
175 2873 233 2934 Vel
247 2874 359 2951 conjux
377 2872 429 2953 qui
439 2872 599 2934 seminavit
612 2881 658 2934 est
674 2872 785 2935 semina
799 2921 807 2949 ,
822 2877 867 2938 vel
882 2884 926 2938 est
944 2878 1000 2941 vir.

37 2955 64 3019 ln
75 2964 180 3042 primo·
189 2961 357 3043 hypothesi,
380 2980 442 3021 noo
461 2968 559 3042 potest
570 2962 615 3023 vir
628 2979 660 3021 se
680 2980 696 3022 a
710 2964 918 3034 seminatione,
935 2966 1004 3029 data

35 3063 128 3127 opera,
155 3070 187 3112 se
210 3051 360 3111 abstinere
384 3051 450 3111 sinc
473 3052 553 3130 gravi
573 3049 674 3129 culpa,
688 3050 758 3131 quia
777 3071 867 3114 causa
882 3054 1003 3136 estipse

36 3143 63 3197 ut
76 3157 179 3201 semen
193 3137 330 3200 mulieris
344 3139 540 3218 prodigatur3
559 3146 588 3200 et
602 3139 682 3199 idem
696 3148 740 3200 est
752 3141 914 3202 (licendum
928 3146 952 3203 si
966 3162 1003 3204 ex

35 3229 136 3307 copula
151 3227 265 3290 semina
277 3229 314 3289 sit
327 3228 357 3288 io
377 3227 527 3308 probabili
548 3227 684 3307 periculo
700 3229 881 3291 seminandi.
901 3233 1002 3292 Posset
1066 3292 1069 3296 ,

35 3317 127 3379 tameo
151 3318 182 3378 in
199 3335 272 3380 casu
287 3317 331 3377 vir
351 3335 384 3377 sc
398 3316 549 3377 retrahere
565 3316 603 3377 ad
618 3324 746 3376 mortem
762 3318 806 3378 val
823 3319 1001 3381 scandalum

35 3401 195 3483 ritarrdum,
216 3406 306 3468 eliam
329 3424 401 3468 cum
417 3405 550 3487 periculo
565 3404 753 3485 pollutionis,
769 3407 840 3485 quia
859 3414 934 3469 tunc
947 3427 1001 3489 per

62 3618 80 3669 1.
96 3620 122 3670 S.
142 3619 255 3683 Lignum,
270 3619 312 3669 lib.
327 3620 350 3670 6.
365 3629 392 3667 n⁰
408 3619 465 3668 ont.

61 3688 81 3742 t.
98 3692 124 3743 S.
140 3691 254 3756 luguen,
272 3689 455 3764 ithamaro.
