2362 4094
184 157 223 220 76
501 172 538 221 oc
559 172 652 222 arros
675 162 830 222 tranans.

185 309 245 352 non
260 298 361 353 utrum
369 293 400 353 in
412 300 480 355 actu
486 293 696 369 confessionis,
707 313 745 355 an
756 293 840 374 prius
855 293 903 362 vel
912 299 981 374 post
987 311 1153 357 sacramen·

182 379 271 440 talem
287 379 509 443 absolutionem
519 401 553 443 ea
565 382 881 449 renarintNominare
896 382 985 444 debet
995 383 1153 445 confessio

184 467 282 529 nalem
291 470 394 531 sedem
405 470 542 550 etipsum
551 470 770 532 confessarium
779 470 1000 543 sollicitantem
1011 478 1040 532 et
1053 479 1152 552 quate·

182 556 339 636 nushujus
352 577 461 620 nomen
474 566 503 620 et
515 577 686 639 cognomen
702 565 754 620 aut
763 559 892 640 ignoret
904 566 954 621 aut
963 559 1056 621 oblita
1068 560 1152 621 luerit

181 644 328 706 describet
342 653 481 708 accurate
508 666 680 727 per,sonam
709 666 818 709 omnes
836 646 975 709 distincte
990 654 1152 709 caracteres

183 733 326 805 notanda,
343 735 381 794 rra
393 742 427 797 111
451 736 499 796 illc
513 734 690 817 recognosci
703 736 807 816 possit.
827 735 1050 797 Animadverlat
1071 737 1152 798 dele-

182 829 279 900 gatus,
307 842 367 908 non
392 842 458 886 esse
478 824 723 905 interrogandam
751 841 912 904 personam
926 824 1151 886 denuntiantem

181 919 284 972 ulrum
309 905 493 975 consensum
521 912 557 972 ad
582 920 682 973 actum
707 920 825 991 turpem
841 930 1036 993 quocumque
1066 913 1152 974 modo

183 1001 352 1078 praestiterit
374 1001 418 1062 vel
445 1001 647 1075 recusaverit,
673 1019 743 1061 cum
771 1001 835 1080 ipsa
860 1000 897 1061 ad
921 1017 993 1061 suos
1018 1001 1152 1062 delectas

182 1088 417 1152 manifestandos
429 1108 490 1151 non
501 1095 650 1150 teneatur.
668 1089 757 1149 Hisce
772 1087 889 1168 scriptis
903 1095 991 1167 prout
1002 1100 1150 1157 narratur,

143 1204 146 1211 r
179 1175 336 1257 delegatus
346 1196 416 1258 quae
430 1186 599 1259 sequuntur
614 1195 713 1256 neque
732 1176 811 1238 aliud
828 1183 972 1256 praeterea
987 1177 1151 1258 quidquam

182 1266 354 1347 nequiretl:

223 1354 474 1436 atrlnterropaa
488 1373 528 1416 un
547 1355 634 1430 scit,a
611 1353 694 1415 trel
717 1352 780 1413 dici
791 1351 929 1426 audierit,
956 1352 1068 1413 dietam
1087 1352 1150 1414 ΝΝ

184 1465 199 1500 a
221 1442 419 1524 (nominando
446 1442 619 1524 personam)
647 1435 858 1522 confessarium
887 1401 1061 1503 sollicitasse
1080 1430 1151 1503 alius

184 1533 202 1589 a'
218 1532 388 1612 prenitentes
400 1530 441 1591 ad
453 1530 578 1612 tarpio?
586 1529 627 1591 Et
640 1538 792 1613 qnatenus,
807 1538 862 1591 etc.

223 1643 239 1679 a
261 1619 445 1701 Respondet:
461 1619 591 1700 (notabit
607 1618 846 1700 responsionem,
863 1627 893 1680 et
908 1637 932 1679 sr
925 1619 1012 1680 haec
1024 1620 1150 1680 affirma·

184 1732 199 1767 a
219 1709 277 1770 tiva
290 1708 380 1770 luerit
398 1726 511 1770 nomen
526 1713 554 1769 et
566 1725 739 1789 cognomen
754 1724 952 1788 personarum
979 1708 1150 1770 sollicitata·

160 1839 163 1844 -
184 1821 199 1855 a
221 1816 289 1859 rum
303 1797 440 1878 exquiret
450 1803 481 1859 et
494 1814 618 1858 causam
630 1796 785 1876 scientiae).

224 1887 429 1967 atInterropa
429 1903 448 1947 a
417 1883 497 1947 tae
518 1882 793 1966 formcsupra'dicts'
815 1867 990 1965 confessarii
1006 1884 1082 1947 NN.
1100 1896 1151 1946 tam

183 1998 198 2034 a
218 1974 301 2056 apud
309 1994 349 2052 se,
363 1993 450 2056 qaam
465 1973 546 2055 apud
557 1972 659 2035 alios?
678 1973 724 2035 Et
736 1991 796 2054 qua
798 1980 890 2050 tenus,
906 1980 961 2033 etc

223 2087 238 2122 a
261 2063 422 2146 llesponalit
437 2061 677 2144 (responsionem
691 2059 867 2142 exscribet).

167 2157 170 2164 '
223 2177 238 2213 a
259 2153 446 2234 Interrogata
455 2172 467 2213 .·
479 2171 519 2212 un
542 2149 610 2211 odio
624 2150 671 2212 ael
678 2169 776 2210 umore
789 2148 921 2230 proesatu
933 2147 1115 2230 deposuerit,
1129 2154 1154 2211 rt

184 2267 198 2303 a
217 2262 306 2325 super
316 2241 489 2318 inimicitia,
501 2239 629 2320 aliisque
639 2236 836 2320 generalibus,
849 2246 904 2300 etc.
913 2243 929 2299 1
938 2237 983 2299 Et
1001 2248 1150 2318 quatenns,

182 2356 198 2392 a
216 2341 273 2394 etc.

223 2445 238 2481 a
261 2419 445 2502 Respondit:
460 2404 548 2480 llecte
562 2415 599 2498 (si
623 2415 660 2478 ad
676 2414 830 2496 propriam
845 2414 1066 2477 conscientiam
1081 2434 1150 2478 exc-

177 2534 198 2570 vr
221 2511 384 2572 necandam
396 2507 591 2568 denuntiasse
606 2503 751 2584 sedicet).

220 2601 250 2661 Si
273 2617 290 2659 a
314 2596 523 2660 sollicitatione
550 2593 618 2672 plus
635 2610 699 2653 uno
719 2608 825 2653 mense
846 2590 1078 2672 praeterlapsnm
1092 2592 1150 2655 sue

180 2688 228 2763 rit„
244 2687 300 2747 erit
313 2685 404 2748 eliam
420 2680 633 2771 interroganda
651 2700 659 2741 :

223 2800 239 2835 a
260 2766 467 2853 interrogata:
480 2790 534 2831 cnr
553 2766 660 2835 tandin
683 2766 776 2830 distul
775 2768 833 2829 erit
843 2765 1151 2848 prefatadenantiare

183 2889 199 2926 ι
216 2864 342 2947 propria
357 2856 530 2934 Ordinum'o,
551 2867 578 2920 ct
592 2858 797 2919 conscientium
809 2875 890 2916 snam
905 2863 1089 2917 exonerare?

224 2978 238 3013 a
259 2949 420 3033 Respondit
434 2947 564 3030 (notabit
576 2943 831 3027 responsionem).

222 3049 313 3105 Actus
326 3039 485 3102 claudatur
498 3036 555 3098 hac
569 3035 708 3097 ratione:

223 3156 239 3191 a
261 3113 371 3205 (laibos
384 3126 478 3188 taoli't
453 3135 529 3186 trset
544 3122 700 3205 acceptatis
715 3129 782 3195 etc,
795 3119 933 3181 dimissus
944 3118 1003 3199 (vel
1008 3093 1150 3198 dimissa]

183 3245 199 3281 a
184 3219 408 3371 «fnitjaratns
423 3212 600 3296 (veliurata)
630 3210 665 3272 de
687 3208 806 3271 silentio
827 3208 967 3269 saraam
984 3206 1026 3268 ud
1050 3227 1151 3270 nouom

231 3317 328 3370 actam
342 3305 398 3367 SS
410 3304 462 3365 liei
475 3299 707 3382 Evangeliarnm
719 3299 822 3378 (super
833 3295 1037 3376 Evangelium
1048 3298 1151 3358 iterum

184 3423 200 3458 a
217 3398 342 3477 jurabit)
356 3405 385 3455 et
402 3395 435 3454 in
448 3389 619 3473 confirmat
607 3407 702 3449 ranem
713 3385 932 3466 premissorum
944 3403 973 3444 se
991 3383 1152 3465 subscripsit

184 3487 303 3567 ‹r'tet
280 3505 305 3547 si
323 3482 454 3545 scribere
470 3477 608 3558 nesciat),
622 3484 650 3538 et
671 3493 738 3535 cnm
764 3472 891 3534 scribere
916 3473 1053 3546 nesciret,
1069 3476 1153 3554 prout

185 3598 200 3635 a
220 3574 335 3646 asserit,
347 3570 419 3652 fecit
431 3588 548 3650 signam
557 3584 653 3628 crucis
661 3562 774 3645 (crucis
787 3578 909 3641 signum
917 3559 1036 3623 calamo
1046 3560 1153 3624 tacim-

186 3683 202 3723 ι
221 3662 302 3725 dum
316 3659 355 3723 ab
375 3676 411 3721 ea
424 3655 548 3738 exiget).
