2362 4094
441 226 534 274 carus
555 229 589 273 n.
950 213 1002 272 tat

25 348 74 405 tus
84 342 260 407 mortaliter
269 360 301 405 se
313 360 374 406 non
383 361 535 424 peccasse,
545 344 637 407 modo
648 362 704 408 suo
711 343 851 425 exemplo
857 342 1009 406 adiisdem

25 430 237 495 assistendum
253 431 326 494 alios
339 431 546 495 adolescentes
569 451 629 494 nnn
645 433 810 496 induceret.
828 433 909 494 -Si
925 451 1007 507 vcro,

25 525 114 582 extra
140 517 281 600 praelatos
304 538 404 596 casus,
421 518 468 581 his
487 521 626 600 turpibus
638 521 817 602 spectaculis
831 521 1011 583 interessent

26 607 133 671 solum
149 606 317 670 obvanam
332 607 757 683 solatiumautcuriositatem,
770 608 927 670 venialiter
937 607 1024 673 dun.

26 702 112 758 taxat
125 701 303 777 peccarent,
320 697 405 774 juxta
419 698 451 761 S.
476 695 598 777 Lignor.
625 714 718 777 quem
733 698 871 777 sequitur
892 696 1009 760 cardin.

27 784 164 847 libasset
174 787 182 821 ¹
190 803 200 858 ;
212 782 264 846 sed
277 781 573 847 baecdecisin‘laxior
585 783 703 847 videtur
714 787 778 848 bb.
797 784 926 848 nouiter
934 788 959 860 ⁸,
974 801 1012 848 ao

27 870 116 951 quod
132 872 180 935 vel
200 889 321 952 semper
344 872 383 934 sit
409 870 581 953 periculum
609 872 779 955 proprium,
797 875 857 936 'aut
883 871 1012 954 proximi

28 959 228 1034 scandalum,
241 965 294 1022 aut
305 960 477 1042 cooperatio
487 960 523 1023 ad
539 960 689 1023 actionem
705 960 870 1024 mortaliter
878 977 1010 1042 pravam.

29 1081 69 1096 -
83 1048 246 1131 Quidquid
258 1055 359 1111 autent
380 1048 418 1111 sit
428 1047 467 1112 de
481 1048 552 1125 hoc,
565 1056 645 1112 recte
657 1051 692 1112 P.
708 1049 790 1131 Gury
808 1048 881 1111 dicit
893 1046 1013 1111 difficile

29 1154 98 1199 esse
114 1143 163 1210 ut,
178 1138 230 1219 qui
243 1136 417 1216 frequenter
426 1137 668 1220 quibuscumque
688 1136 1012 1212 comoediisintarsunt‚

33 1242 97 1287 uon
112 1225 272 1288 incurrant
287 1225 457 1306 periculum
472 1226 601 1306 graviter
620 1225 782 1307 peccandi;
799 1223 926 1307 proinde
941 1223 1015 1287 tales

34 1310 427 1392 generatimnonvidenlur
436 1313 621 1392 absoluendi,
630 1314 686 1377 nisi
697 1313 869 1395 hujusmodi
876 1312 1016 1394 frequen·

36 1401 148 1464 talioni
159 1401 364 1465 renuntient&

78 1501 216 1562 Peccant
228 1499 318 1561 etiam
337 1499 501 1562 mortaliter
516 1500 535 1562 ii
550 1501 602 1582 qui
622 1502 903 1582 repraemntallones
915 1501 1015 1580 gravi-

38 1593 85 1649 ter
99 1594 208 1668 turpes
230 1605 292 1649 non
316 1586 497 1669 impediunt,
522 1588 832 1668 quamviscontmode
845 1588 976 1670 possiut;
999 1605 1018 1649 a

38 1675 160 1737 fortiori
174 1675 198 1737 si
212 1682 388 1738 tenerentur
402 1695 439 1738 ex
452 1675 553 1738 allicio
566 1676 714 1757 impedire
727 1678 748 1740 ⁸.

79 1775 155 1835 uta.
178 1770 301 1834 Letbalc
314 1779 471 1853 peccatum
487 1790 549 1834 non
563 1779 619 1848 est,
630 1775 756 1854 praeciso
770 1773 922 1848 scandalo,
940 1773 1019 1836 inte·

40 1876 125 1921 resse
140 1859 298 1922 comoediae
310 1877 372 1921 non
387 1860 516 1940 graviter
534 1861 628 1943 turpi,
643 1863 775 1944 nisiquis
785 1869 927 1942 expertus
941 1868 1020 1925 esset

13 2006 16 2011 ,
41 1947 95 2008 tali
111 1945 186 2010 ludo
200 1946 302 2012 induci
315 1947 347 2009 in
360 1947 534 2029 proximum
545 1947 662 2011 libidini
676 1948 884 2012 consentiendi
899 1951 1019 2031 pericu·

44 2033 109 2097 lunt
126 2038 149 2096 ⁵.

84 2134 165 2208 lmo,
178 2130 304 2194 absente
318 2130 368 2194 lali
380 2132 516 2213 periculo
530 2140 561 2195 et
576 2132 755 2198 subsistente
768 2134 901 2215 legitima
917 2152 1019 2209 causa,

45 2221 170 2284 nullum
184 2227 261 2282 esset
272 2222 440 2302 lpeccalum
465 2222 604 2284 assistere
618 2223 797 2305 spectaculis
818 2241 879 2284 non
894 2216 1021 2303 graviter

44 2309 208 2391 turpibus:
232 2308 279 2370 sic
287 2309 424 2371 excusari
439 2317 565 2391 possunt
576 2329 686 2373 uxores
701 2330 740 2373 ne
759 2311 867 2372 marito
880 2310 1021 2391 displice·

45 2404 110 2471 ant,
124 2395 230 2459 famuli
248 2403 278 2460 et
301 2396 421 2459 famulae
437 2404 560 2479 propter
579 2398 774 2462 dominomm
788 2416 913 2461 suorum
930 2397 1022 2460 obse-

45 2486 168 2565 quium,
185 2483 239 2545 lilii
255 2491 285 2546 et
297 2484 516 2548 tiliae-familias
530 2485 554 2547 si
567 2485 595 2546 id
612 2493 752 2567 parentes
764 2487 897 2567 exigant,
913 2485 1024 2548 milites

46 2578 74 2632 et
97 2573 290 2653 magistratus
317 2580 350 2634 ut
377 2580 459 2635 recto
484 2572 581 2635 ordini
611 2575 787 2655 invigilent3
812 2573 964 2655 principes
991 2584 1024 2637 ut

46 2661 240 2724 adiectionem
263 2661 454 2724 subditorum
477 2661 533 2724 sibi
556 2664 730 2739 concilient,
752 2671 832 2741 etc.;
854 2662 895 2724 illi
917 2681 1025 2725 omnes

47 2756 177 2827 possunt
195 2748 319 2823 absolsi,
335 2750 427 2812 inodo
441 2749 615 2829 huiusmodi
639 2753 807 2814 assistentia
823 2770 883 2812 nnn
900 2753 937 2813 sit
952 2752 1025 2831 ipsis

47 2839 189 2987 progima
218 2838 337 2901 occasio
364 2838 492 2917 graviter
517 2840 672 2920 peccandi.
697 2841 740 2903 Ita
754 2843 817 2902 DD.
845 2839 973 2905 Bourier
996 2849 1025 2902 et

75 2974 82 2989 .
130 2944 199 3006 ury.

90 3022 221 3095 Quidam
234 3023 329 3085 sancti
344 3025 456 3099 Patres,
471 3032 501 3088 et
515 3032 582 3108 post
592 3044 645 3088 eos
657 3025 745 3089 multi
760 3032 1024 3107 praesumtores,

50 3111 160 3194 quales
183 3112 320 3187 Bossuet,
344 3112 460 3187 niceta,
484 3121 583 3177 comte
597 3115 636 3177 de
659 3114 812 3188 Valmunt,
828 3123 901 3190 etc,
923 3115 1026 3176 ornnia

50 3198 224 3283 spectacula
235 3201 373 3262 insectati
389 3209 471 3282 sunt,
488 3208 518 3266 cl
532 3203 640 3265 merito
657 3221 741 3272 sane,
766 3220 838 3265 cum
860 3202 1026 3283 generatim

85 3422 108 3473 l.
130 3422 211 3475 Tite'al.
226 3437 301 3482 mon,
314 3420 340 3469 ὅθ
353 3423 477 3490 precepta,
491 3423 531 3474 cla.
546 3424 564 3484 l,
578 3438 600 3488 p.
616 3422 672 3474 aba.

85 3495 109 3543 2.
128 3494 197 3554 ibid,
211 3508 235 3558 p.
250 3494 304 3544 tta.

84 3562 109 3615 3.
128 3563 314 3629 domnaedium,
326 3566 394 3627 tcta,
408 3577 437 3615 m
448 3564 504 3629 934,
516 3565 550 3615 5⁰.

84 3633 108 3685 l.
126 3634 152 3685 S.
168 3634 280 3701 Lipuor„
294 3637 338 3689 lib.
348 3637 372 3698 ll,
385 3646 414 3687 n⁰
425 3636 480 3688 ill.

86 3707 109 3756 b
129 3704 154 3755 P.
173 3705 245 3773 Gury.
257 3707 323 3769 ltin..
343 3708 378 3757 to.
