2362 4094
176 120 215 182 96
496 128 533 177 nr
554 126 647 175 nurus
667 127 821 176 runnnnts.

181 272 196 309 r
216 267 284 312 seca
294 246 465 329 fragilitate)
483 247 580 327 magis
600 246 785 326 sperandum
800 246 990 328 profuturam
1005 244 1075 321 lore
1087 265 1150 326 gra·

181 361 196 397 u
216 338 288 399 tiam
303 335 483 398 sacramenti
497 352 589 415 quam
602 333 777 397 dilationem
789 335 998 396 absolutionis.
1014 356 1030 392 n

219 430 287 487 173.
311 426 394 487 Dicta
405 443 495 503 supra
504 422 543 484 de
552 422 958 503 absolutioneimpcndendn
969 422 1114 484 recidivis
1126 425 1151 484 in

179 514 378 595 pollutionem
403 511 457 592 qui
479 511 642 573 ostendunt
665 511 751 591 signa
775 511 889 573 doloris
902 512 1151 585 extraordinaria,

178 601 356 683 applicanda
371 618 433 662 non
449 605 521 662 sunt
534 599 688 661 initiandis
701 600 794 665 sacris
807 598 988 661 ordinibus:
1006 601 1081 681 quia
1098 619 1153 662 non

179 690 289 752 sufficit
301 690 383 771 quod
398 688 585 750 ordinandus
596 687 677 749 sitad
686 686 914 768 suscipiendum
929 696 1153 752 sacramentnm

180 779 364 860 poenitentiae
378 777 551 858 dispositus,
567 776 620 838 sed
634 781 752 856 oportet
764 781 799 836 ut
810 775 934 857 insuper
945 777 984 837 sit
993 776 1154 858 dispositus

180 868 217 929 ad
232 866 439 949 recipiendum
450 865 565 927 ordinis
573 869 810 937 sacramentum,
827 864 865 924 ad
879 864 962 944 quod
974 885 1034 926 non
1049 866 1153 947 sufficit

183 955 534 1037 bonitasquulr'rcumque,
548 951 598 1014 sed
608 952 777 1032 requiritur
785 946 899 1014 bonitas
905 953 1066 1027 recolloco,
1081 955 1153 1016 utait

183 1044 214 1106 S.
231 1044 361 1107 Thomas
376 1047 396 1105 ¹.
409 1034 486 1116 odd
500 1061 570 1105 uero
585 1041 754 1121 requiratur
766 1041 796 1101 in
816 1040 1008 1122 husjusmodi
1020 1044 1153 1105 recidivis

183 1140 217 1197 ut
229 1133 433 1208 absolvuntur,
454 1129 547 1193 videri
562 1135 661 1211 potest
675 1147 723 1210 ap.
741 1131 772 1191 S.
786 1130 909 1210 liguor.
925 1133 946 1192 ¹.
1057 1164 1061 1172 ·

225 1226 292 1283 tlt.
316 1226 348 1283 3⁰
374 1218 512 1295 Quonam
540 1217 668 1280 remedia
687 1218 749 1278 sint
770 1216 933 1280 addicendo
958 1219 1000 1281 od
1019 1219 1153 1281 sanandos

181 1318 299 1392 peccato
308 1308 488 1391 pollutionis
501 1312 652 1369 assuetos?
902 1308 905 1313 ’

223 1397 417 1460 Execrandus
433 1395 681 1468 ‘masturbationis
699 1395 840 1469 habitus,
863 1395 888 1457 si
903 1396 1091 1460 inveteratus
1110 1399 1151 1467 sit,

185 1487 371 1572 inquitbltll.
400 1486 462 1545 DD.
491 1483 670 1556 Bourier⁵,
699 1483 898 1546 confessarios
925 1484 956 1546 in
994 1485 1152 1566 quamdam

184 1576 426 1657 desperationem
454 1572 588 1652 conjicit,
615 1591 651 1634 ao
679 1571 800 1634 nonnisi
819 1571 996 1634 difficillime
1019 1571 1153 1653 extirpari

186 1670 294 1747 potest'.
309 1665 390 1725 lnter
398 1660 532 1723 remedia
545 1660 582 1722 ad
598 1659 684 1723 illum
697 1660 917 1729 eradicandum
931 1663 1059 1742 aptiora,
1078 1663 1155 1743 plura

187 1751 313 1814 indicari
328 1755 464 1832 possunt,
479 1755 513 1811 ut
523 1748 667 1829 lrcquens
677 1749 783 1824 oratio,
798 1748 916 1811 ferrens
929 1751 1032 1812 Mariae
1046 1751 1156 1812 invoca·

187 1842 240 1918 tio,
256 1840 423 1922 praesertim
435 1844 566 1918 urgente
578 1837 755 1913 tentatione,
771 1837 983 1918 eleemosynae,
1001 1838 1157 1901 mortifica·

188 1926 304 2005 tiones.
323 1926 503 1991 abstinentia
537 1944 555 1989 a
579 1926 747 2007 liquoribus
770 1933 800 1988 et
824 1925 975 1988 alimentis
996 1927 1107 1990 calidis
1130 1942 1157 1985 ac

190 2014 385 2092 irritantibus,
396 2014 532 2079 custodia
543 2032 702 2089 sensuum,
719 2021 857 2095 prompta
868 2015 1003 2096 turpium
1013 2013 1171 2096 cogitatio

191 2124 264 2182 num
288 2105 441 2187 repulsio,
460 2103 542 2185 luga
567 2121 728 2183 pravarum
762 2103 937 2179 lectionum,
969 2104 1171 2195 profanoruml

190 2194 451 2276 spectaculorum,
465 2198 496 2255 et
508 2209 706 2273 personarum
718 2190 856 2253 moribus
865 2198 1079 2273 corruptarum
1093 2213 1102 2270 3
1116 2188 1171 2277 soll

191 2282 433 2345 efficacissimum
448 2279 616 2343 remedium
634 2286 679 2342 e'st
694 2279 838 2359 frequens
858 2297 997 2341 accessus
1011 2281 1050 2342 ad
1063 2290 1171 2344 sacra-³

192 2379 304 2434 menta.
329 2371 414 2432 «Vix
425 2376 509 2452 puto,
519 2370 559 2430 ait
578 2369 703 2431 Toletus
717 2367 734 2430 d
749 2366 780 2430 S.
795 2368 918 2449 Liguor.
941 2370 1052 2431 citatus
1065 2371 1091 2445 ⁸,
1105 2384 1158 2432 esst

168 2531 173 2537 ¹
197 2484 212 2519 a
232 2459 313 2522 aliud
323 2458 426 2524 efficax
440 2458 608 2520 remedium
620 2474 713 2538 quam
723 2456 998 2537 frequentissimam
1007 2457 1158 2521 confessio

145 2569 148 2574 ·
197 2570 212 2605 u
233 2565 305 2608 nem
323 2545 482 2607 adhibere:
499 2553 545 2606 est
568 2543 650 2607 enim
671 2541 730 2606 boc
754 2551 978 2606 sacramentum
1001 2546 1158 2607 maximum

198 2657 213 2693 a
234 2635 371 2712 lrenum3
387 2640 416 2695 et
430 2635 482 2715 qui
495 2633 551 2694 boc
566 2651 628 2695 non
639 2632 732 2695 utitur
748 2650 809 2695 non
822 2631 879 2693 sibi
893 2633 1051 2714 promittat
1060 2650 1158 2713 ‘emon-

198 2745 213 2782 a
233 2722 385 2785 dationem
401 2721 457 2789 nisi
467 2740 520 2802 por
531 2721 741 2783 miraculum»
760 2739 767 2779 :
782 2719 840 2782 hoc
850 2720 1002 2800 imprimis
1010 2720 1159 2784 adhibebat

195 2814 226 2874 S.
241 2810 398 2892 Philippus
408 2809 516 2872 Nerius
525 2828 598 2890 erga
611 2808 769 2883 recidivus,
782 2815 812 2871 el
821 2827 962 2891 expresse
976 2808 1159 2874 commendat

196 2901 359 2981 ipsummet
373 2898 489 2960 llituale
515 2915 688 2972 romonum,
702 2894 746 2960 De
761 2916 884 2959 surram.
906 2898 1105 2978 Poenitentioe,
1121 2895 1158 2960 ubl

196 2990 256 3050 ait:
271 2989 306 3050 In
313 2996 434 3070 peccota
444 2985 537 3066 focile
551 2983 745 3048 recidentibus
755 2985 951 3047 utilissimum
964 2984 1061 3066 fueret
1073 3004 1158 3049 cunm·

198 3077 268 3153 lere,
293 3085 323 3137 ut
334 3095 410 3155 crepe
422 3074 631 3157 confiteantur,
646 3068 675 3134 et
690 3074 718 3134 ri
730 3071 880 3155 cupedr'nt,
895 3077 1118 3151 communicent.

221 3167 307 3251 375.
333 3164 377 3225 ild
391 3162 587 3225 deterrendos
597 3163 724 3275 juvenes
749 3162 788 3223 ab
809 3159 867 3222 boc
886 3161 970 3236 vitio,
997 3163 1073 3227 utile
1085 3158 1170 3227 etlam

231 3407 253 3456 l.
271 3405 299 3456 ll·
310 3405 380 3466 Puro,
393 3403 515 3470 supplem.
528 3419 554 3469 q.
567 3402 598 3453 35
612 3402 643 3452 ad
655 3401 679 3452 3.

230 3477 254 3527 b.
272 3476 326 3527 Lib.
340 3477 364 3537 6,
378 3485 405 3524 nr
416 3475 455 3537 63,
469 3480 518 3526 etc.
531 3491 538 3534 ;
549 3480 574 3525 et
584 3472 677 3525 Prono
688 3471 801 3534 mosera..
816 3481 843 3520 n⁰
855 3470 894 3531 lt,
913 3476 963 3521 otc.

157 3563 159 3567 ·
231 3548 255 3596 3.
269 3546 426 3606 tusculum,
441 3560 465 3610 p.
478 3544 516 3595 tt.

231 3616 255 3667 l.
274 3617 328 3668 Lib.
339 3614 363 3679 d,
375 3626 403 3666 n⁰
416 3615 471 3667 tot.
