2362 4094
411 202 504 247 cnrur
524 203 561 249 n.
914 192 969 250 llll

19 320 111 383 nalum
124 310 279 384 desiderat
292 321 349 387 sub
363 321 474 382 condit
455 327 536 382 1one
545 319 723 400 impossibili
732 340 756 381 ar
754 320 883 398 '',ltcrret
896 342 973 384 nun-

19 427 91 488 quam
106 410 289 473 efficaciter'
283 429 314 470 m
329 408 403 470 illud
420 408 579 478 consentit,
596 426 712 499 neque
720 428 790 472 vere
812 410 972 487 desiderat,

19 497 72 558 talia
87 499 254 579 proferens,
268 497 321 558 sed
332 497 409 559 dunt
399 504 476 557 taxat
487 516 573 558 suam
588 515 823 578 propensionem
831 500 973 561 ostendit

19 584 91 647 lliud
99 595 202 649 autem
217 592 306 657 esset,
323 586 421 666 pergit
410 584 522 655 tidem,
538 585 563 645 si
575 585 766 667 quisoplaret
779 587 892 649 malum
902 588 977 650 illud

19 672 151 751 objectum
179 695 243 737 non
270 693 336 736 esse
352 673 551 821 prqhibitum,
571 673 643 774 qqia
660 692 713 754 per
734 694 765 736 se
789 677 904 738 malum
933 685 978 739 est

19 762 96 824 velle
91 773 187 825 mvert
176 764 366 825 tiordinem:
384 762 446 823 sicu
449 766 517 822 test
532 761 668 842 ςνεινίυεῗ,
690 763 788 863 inquit
812 765 976 839 Billuart
955 770 963 801 ¹

19 851 80 913 velle
92 872 199 934 regem
212 871 294 914 csuo
301 869 397 931 pnncr
391 851 472 930 patu
478 849 608 928 dejicere
616 869 708 931 quam
719 851 978 934 ejuspraeceptum

20 944 87 999 tram
108 941 185 1003 redi

53 961 113 1090 lag.
138 1030 262 1101 Quaerit.
280 1026 591 1107 a0nngaud1umvel
612 1026 769 1111 delectatio
796 1027 834 1089 de
861 1030 980 1108 objecto

22 1117 87 1177 nalo
99 1119 134 1179 sit
150 1118 291 1178 illicitum
304 1123 355 1179 aut
370 1116 482 1190 illicita,
495 1115 586 1177 etiam
600 1133 671 1176 casu
685 1134 746 1194 quo
762 1133 930 1179 consensus
944 1119 981 1180 iis

22 1201 95 1266 datur
109 1204 302 1267 solummodo
316 1203 541 1266 conditionate?

55 1296 136 1375 llesp.
154 1297 279 1356 Certum
299 1301 345 1355 cst
366 1291 512 1372 gaudium
535 1293 709 1354 absolutum
723 1293 761 1354 de
786 1313 878 1374 opere
907 1314 924 1356 a
949 1315 981 1357 se

23 1388 122 1458 patrato
137 1384 269 1444 retinere
284 1400 391 1443 omnes
405 1381 532 1442 malitias
542 1380 573 1442 in
585 1381 693 1443 eodem
706 1398 797 1460 opere
804 1390 961 1446 contentas
973 1405 980 1459 ;

23 1470 101 1544 unde,
117 1473 142 1533 si
159 1471 229 1553 quis
241 1469 296 1532 sibi
311 1468 478 1549 complacet
495 1468 650 1549 decopula
668 1467 770 1530 habita
783 1489 857 1532 cum
874 1472 984 1533 mulie-

23 1574 62 1631 re,
74 1560 163 1621 debet
177 1559 330 1639 explicare
345 1556 522 1638 qualitatem
542 1557 633 1635 hujus
649 1558 796 1633 mulieris,
812 1565 841 1619 et
868 1559 939 1621 item
960 1562 984 1622 si
1026 1581 1028 1588 ·

23 1647 80 1723 quis
93 1664 123 1709 se
135 1649 225 1726 jactet
214 1647 275 1707 lde
285 1652 435 1727 peccatos
450 1664 482 1707 se
492 1647 667 1745 commisso,
680 1645 831 1727 explicare
853 1647 961 1710 debet'
954 1668 986 1710 m
1064 1709 1067 1716 ,

25 1735 201 1797 confessione
225 1754 333 1796 omnes
351 1733 548 1795 circumstant
549 1733 592 1795 ias
616 1733 748 1814 speciem
771 1736 886 1815 pcccati
913 1755 985 1799 mu-

25 1828 121 1900 tantes,
131 1825 203 1905 quia
227 1823 258 1884 in
271 1825 332 1901 jact
320 1806 435 1883 tantia
428 1822 555 1883 inveniri
571 1821 646 1883 solet
661 1821 699 1885 de
714 1822 772 1883 illis
793 1824 986 1904 complacen-

26 1911 90 1971 lia².

59 2000 246 2064 deveniendo
264 2021 353 2064 ncnc
373 2001 410 2061 ad
428 2001 627 2080 quaestionem
641 2001 836 2079 propositam,
859 2001 988 2077 dicimus

27 2091 163 2168 quosdam
186 2109 306 2168 negare,
323 2088 478 2170 supposito
501 2087 582 2167 quod
604 2087 748 2167 gaudium
764 2089 809 2149 vel
832 2090 989 2164 delectatio

26 2183 58 2238 sit
69 2179 124 2240 sub
137 2178 323 2254 conditione,
347 2178 374 2237 si
387 2176 499 2250 liceret,
515 2194 550 2237 ac
570 2174 607 2236 sit
620 2182 739 2236 lantum
754 2177 922 2239 secundum
936 2199 989 2241 vo-

27 2264 161 2328 lunlatem
174 2284 227 2327 seu
244 2265 410 2346 appetitum
424 2264 613 2337 rationalem,
630 2263 748 2326 secluso
758 2265 842 2326 omni
855 2266 990 2346 periculo

27 2372 186 2416 consensus
195 2353 291 2415 illiciti
305 2360 335 2414 et
345 2353 442 2434 turpis
452 2360 552 2413 motus
566 2351 660 2433 (quod
674 2370 742 2413 raro
752 2359 782 2414 et
795 2356 842 2416 vix
858 2354 890 2414 in
907 2358 989 2436 praxi

28 2443 122 2505 abesse
134 2445 254 2523 potest),
271 2449 300 2503 et
313 2460 375 2503 non
384 2440 551 2502 secundum
564 2441 990 2527 appetitumsensitivum,qui

28 2532 222 2594 communiter
237 2531 270 2590 lit
283 2548 354 2592 cum
378 2530 478 2610 aliqua
503 2528 649 2610 corporis*
661 2528 846 2592 alteratione.
867 2534 901 2593 m
915 2534 992 2596 ratio

29 2624 69 2679 est
89 2621 170 2700 quia,
194 2619 263 2680 licet
284 2618 433 2699 appetitus
457 2617 617 2678 sensitivus
642 2616 754 2679 feratur
779 2619 809 2679 in
839 2619 993 2701 obiectum

30 2706 134 2788 absque
149 2707 361 2783 abstractione,
373 2705 459 2767 aliter
471 2724 518 2767 res
531 2724 563 2766 sc
575 2704 711 2767 habetde
726 2707 878 2770 voluntate
890 2729 942 2774 seu
955 2711 994 2774 de

30 2797 157 2873 appetitu
166 2794 307 2857 rationali
325 2813 331 2852 ε
348 2793 488 2854 voluntas
501 2792 582 2855 enim
600 2791 669 2853 lerri
685 2799 783 2873 potest
795 2795 826 2855 in
842 2796 994 2876 objectum

31 2881 204 2945 abstractum
219 2901 299 2945 asua
313 2880 437 2957 malitia,
453 2899 523 2942 cum
549 2888 693 2960 sequatur
705 2882 891 2946 intellectum
908 2889 996 2966 cujus

32 2981 71 3032 est
84 2989 169 3051 posse
182 2972 365 3032 abstrahere.
385 2969 488 3031 Verius
502 2977 603 3029 lamen
620 2972 740 3048 pulatS.
755 2972 877 3055 Liguor.
894 2976 915 3050 ³,
933 2995 997 3038 om-

34 3076 98 3119 nem
110 3060 340 3122 delectationem
356 3058 393 3118 de
402 3058 522 3139 objecto
532 3057 582 3116 blc
593 3064 622 3118 et
638 3075 719 3120 nunc
732 3060 891 3123 intrinsece
902 3065 996 3139 malo,

32 3147 117 3208 etiam
130 3156 243 3209 semota
264 3147 413 3228 appetitus
427 3146 556 3206 sensitivi
582 3145 792 3224 delectatione,
818 3168 947 3232 csscper
966 3172 998 3214 sc

34 3218 157 3297 illicitam
161 3236 266 3317 ,quia,
283 3237 352 3297 licet
340 3241 532 3296 tconsensus
555 3234 592 3294 sit
617 3235 838 3299 conditionatos
862 3249 999 3320 respectu

34 3320 68 3382 ad
80 3322 243 3402 objectum,
261 3330 397 3403 respectu
408 3329 509 3383 tameo
525 3320 562 3382 ad
577 3315 810 3386 delectationem
823 3333 866 3387 est
878 3327 1000 3390 absolu-

64 3540 86 3591 l.
102 3541 133 3593 lla
145 3516 272 3606 Tempsa,
284 3541 348 3592 Dias.
362 3540 384 3601 6,
401 3545 448 3591 art.
461 3543 485 3602 5,
501 3540 514 3606 fi
530 3541 553 3591 l.

65 3610 88 3660 2.
102 3612 126 3661 ll.
140 3614 240 3679 Lgner,
255 3614 333 3665 Homo
347 3610 503 3677 apostolicus,
516 3611 561 3673 tl,
576 3617 608 3662 tr.
620 3611 643 3673 3,
656 3622 683 3662 n⁰
699 3613 738 3666 48.

67 3680 89 3732 3.
103 3681 155 3751 lib.
170 3686 193 3747 5,
208 3695 235 3733 n⁰
246 3684 284 3734 tt.
