2362 4094
458 232 551 281 carun
571 234 605 277 n.
985 225 1021 283 Sl

42 354 158 419 servan
175 353 300 419 deberet
326 354 358 417 in
374 360 441 423 actu
457 353 663 435 depositionis.
683 354 803 417 absolvi
817 355 940 436 quidem
964 375 1042 437 nnn,

42 443 159 506 debent
174 443 226 524 qui
242 441 348 506 nolunt
361 441 599 506 denuntiationis
621 443 835 523 obligationem
849 444 1025 525 adimplere,

43 540 177 595 autnon
192 540 263 594 sunl
289 531 384 613 parati
399 530 471 593 huic
484 530 655 593 satisfacere
669 533 771 593 statim
798 550 834 594 ac
860 541 1002 612 poterunt
1017 579 1026 605 ,

44 639 199 702 casuque
217 619 296 683 hanc
313 619 378 683 sine
402 620 483 701 gravi
509 619 641 681 infamiae
656 619 804 701 periculo,
832 620 880 682 bic
894 629 923 682 et
946 639 1028 683 nunc

46 709 179 790 implere
194 727 255 771 non
268 707 378 772 valent.
393 707 593 770 Laudabiliter
606 725 678 785 vero
690 714 760 789 aget
773 714 847 772 lunc
871 708 1027 771 confessa-

47 796 122 873 rius,
137 807 173 861 ul
185 797 295 860 dicitur
307 799 339 860 iu
353 800 495 860 instruct.
509 799 540 858 S.
552 796 760 877 lnquisilicnis
776 795 847 878 (το),
861 798 1029 860 sirecurrat

47 884 84 947 ad
96 887 287 969 Episcopum
299 888 347 949 vel
362 885 400 948 ad
416 887 446 947 S.
464 885 573 947 Sedent
592 886 759 966 quominus
772 893 943 967 opportune
957 885 1029 949 huic

50 975 223 1040 necessitati
244 975 446 1056 provideatur,
477 979 666 1052 nontamen,
692 980 762 1035 ante
786 975 1027 1054 responsionem,

49 1061 275 1137 absolutionem
297 1063 464 1127 concedere
476 1063 576 1139 debet,
592 1082 664 1127 curn
681 1068 825 1144 potestate
838 1069 938 1125 careal
951 1062 1029 1126 hanc

50 1150 257 1232 impertiendi.

91 1287 164 1346 ll8.
182 1284 259 1347 Casu
283 1294 385 1348 autem
407 1303 469 1366 quo
483 1285 632 1367 poenitens
641 1284 722 1365 juste
735 1284 898 1366 impeditus
908 1285 1030 1350 denun-

53 1370 140 1449 tiare,
155 1372 240 1455 quia,
266 1393 293 1436 v.
310 1394 354 1457 g.,
378 1374 506 1436 ministri
522 1374 684 1437 tribunalis
698 1368 787 1453 longe
800 1373 956 1452 distarent,
980 1383 1032 1437 aul

51 1466 128 1522 esset
145 1462 308 1524 necessitas
330 1462 577 1525 communicandi
602 1461 639 1523 ad
658 1460 815 1524 vitandum
841 1463 1029 1537 scandalum,

52 1548 155 1610 autad
170 1549 345 1613 lucrandam
360 1550 596 1632 indulgentiam,
611 1559 684 1625 etc,
699 1556 799 1631 pessel
812 1549 935 1631 quidem
958 1558 1032 1615 lunc

52 1634 178 1707 absolvi,
208 1637 233 1699 si
261 1637 423 1720 dispositus
448 1644 528 1701 essct
547 1637 584 1700 ad
607 1637 851 1701 denuntiandum
874 1639 974 1701 statim
997 1659 1032 1702 ac

53 1722 132 1785 istud
147 1726 282 1789 odicium
297 1727 424 1809 implere
439 1728 557 1809 poterit,
574 1728 636 1788 imo
650 1733 680 1789 el
692 1726 835 1804 deberet3
855 1726 907 1789 sed
922 1727 1031 1789 admo-

55 1813 175 1876 nendus
187 1821 266 1878 esset
288 1814 326 1878 de
338 1816 531 1897 adimplenda
541 1833 636 1896 quam
652 1816 785 1896 primum
797 1814 854 1877 bac
866 1815 1030 1896 obligatio-

55 1917 92 1962 ne
104 1903 165 1965 sub
192 1922 280 1984 poena
300 1904 624 1968 excommunicationis
648 1904 772 1984 majoris
786 1903 990 1980 incurrendae,
1007 1906 1032 1966 si

56 1990 133 2053 ultra
150 2010 286 2057 mensem
310 1992 436 2056 differat.
452 1997 570 2075 Deque
604 1991 768 2054 omissione
782 1991 904 2053 debebit
925 1991 1032 2054 admn-

56 2094 126 2140 nere
140 2086 243 2160 postea
260 2100 351 2146 suum
374 2082 592 2144 confessarium
614 2081 646 2143 in
672 2081 808 2161 proxima
828 2079 1032 2154 confessione,

57 2183 124 2228 cum
152 2170 287 2251 alioquin
308 2188 369 2233 non
384 2178 484 2252 posset
509 2170 634 2233 absolvi
651 2171 740 2230 Facta
753 2175 855 2231 antem
868 2168 1032 2230 denuntia-

57 2252 149 2332 tione,
174 2260 323 2339 poenitens
348 2259 462 2321 absolvi
490 2263 613 2339 potesta
627 2274 822 2339 quocumque
836 2256 1032 2330 confessario,

58 2341 517 2428 simpliciteretiamapprobato
525 2343 1035 2429 elsalisprobabiliterlicetexcom-

59 2432 740 2500 mumcatronemincurrisseldrffereudonllra
752 2450 889 2495 mensem
901 2431 1033 2494 debitam
1147 2432 1151 2439 '

59 2517 327 2586 denuntiationem
355 2525 451 2585 ll:.rS
482 2523 603 2603 ligunr
628 2521 681 2602 qui
711 2528 810 2582 tamen
837 2522 907 2582 citat
930 2521 1034 2602 plures

60 2622 144 2671 secus
159 2611 322 2673 sentientes
335 2610 436 2692 quoad
446 2610 669 2673 absolutionem
680 2608 1031 2672 excomrnunicationis¹.

61 2694 169 2760 Nititur
185 2697 405 2760 beecsententia
419 2697 585 2780 praesertim
601 2697 723 2759 decreto
743 2700 779 2758 lO
796 2704 883 2758 rnarl.
901 2700 977 2759 1677
1000 2699 1031 2760 S.

62 2784 275 2865 inquisitionis,
291 2806 352 2867 quo
363 2794 538 2857 revocatum
552 2786 644 2848 luisse
654 2784 772 2846 ridetur
785 2783 866 2847 aliud
878 2784 1033 2848 decretum
1108 2854 1111 2859 y

62 2873 224 2936 fllanuarii
239 2878 327 2951 1623,
344 2876 369 2935 vi
385 2874 473 2956 cnjus
487 2873 610 2956 praefata
628 2872 902 2935 excommunicatio
917 2872 947 2935 S.
963 2872 1033 2935 Sedi

62 2966 238 3025 reservatur.

100 3096 168 3156 llll.
193 3093 413 3157 Admonendus
437 3094 587 3175 poenitens
612 3092 726 3155 desua
749 3091 951 3174 obligatione,
981 3092 1035 3154 etsi

62 3181 259 3244 confessarius
272 3189 355 3244 certo
369 3180 526 3262 praevideat
541 3180 623 3263 quod
640 3179 752 3243 nonsit
772 3179 1005 3243 denuntiaturus
1026 3198 1034 3239 z

64 3264 126 3331 licet
150 3269 245 3343 enim,
273 3271 441 3352 generatim
468 3268 631 3351 loquendo,
655 3268 856 3333 confessarius
876 3267 983 3330 debeat
1004 3267 1038 3331 se'

63 3353 209 3420 abstinere
240 3358 278 3420 ab
311 3357 504 3420 admonendo
539 3356 720 3439 poenilente,
753 3356 876 3439 qnando
894 3355 1037 3436 praevidet

63 3442 296 3510 admonitionem
311 3465 373 3510 non
384 3464 449 3509 esse
464 3444 665 3528 profuturam,
677 3446 730 3508 froc
745 3454 842 3507 lernen
856 3445 1035 3519 concurrit,
1136 3502 1146 3517 ,

94 3702 116 3753 l.
132 3703 189 3756 lib.
201 3702 227 3766 θ,
241 3713 269 3753 n⁰
280 3701 335 3754 693.
