2362 4094
167 173 205 231 80
431 174 434 178 ’
488 190 526 234 os
548 191 640 241 ussus
660 190 814 235 varamus.

166 306 230 368 tio:
263 323 374 387 nempe
399 306 424 368 si
447 313 586 390 ageretur
605 308 643 371 de
666 308 821 372 sacerdote
846 308 934 371 valde
961 311 1134 391 pernicioso

166 394 279 456 multos
291 402 515 476 corrumpente,
526 396 573 463 vel
582 398 606 458 si
617 396 832 477 praevideretur
846 415 911 459 esse
925 407 1128 481 corrupturus

165 483 304 544 ostentm
328 482 394 545 talis
409 483 548 553 sacerdos
569 484 660 565 lupus
683 485 714 548 in
733 485 814 559 ovili,
844 485 906 566 quo
929 486 1008 562 viso,
1040 506 1146 550 omnes

165 568 281 652 absque
295 589 379 633 mora
405 572 536 635 'clamore
558 572 691 635 debent:
709 574 761 636 sed
782 573 820 635 da
844 574 903 636 hoc
917 574 996 635 bene
1010 584 1147 638 constare

165 657 264 721 debet.
281 659 356 721 Vide
373 662 407 722 P.
434 660 516 742 Gury
531 662 561 729 ln
581 662 744 742 'prioribus
758 662 942 724 editionibus
958 662 1145 745 compendio

165 755 195 807 et
209 749 270 810 RB.
285 750 348 810 DD.
367 749 507 827 Bourier,
525 751 700 819 Dissertatio
716 752 748 811 in
762 759 888 812 sectum.

163 872 165 876 ·
207 849 276 908 ttb.
302 848 347 906 An
375 846 490 928 imponi
507 847 599 927 possit
614 847 653 909 ab
675 846 831 928 Episcopis
859 847 1004 930 obligatio
1027 849 1146 913 denun-

165 934 258 996 tiandi
273 953 379 997 omnes
394 935 564 1007 sacerdotes
580 935 618 997 ad
646 937 744 1017 turpia
761 936 976 998 sollicitantes?
994 972 1033 984 -
1057 939 1148 1021 Posse

167 1022 289 1104 quidem
305 1023 343 1085 ab
355 1023 428 1104 ipsis
441 1024 532 1087 etiam
548 1043 619 1086 cum
643 1043 772 1108 censura
798 1024 916 1104 imponi
931 1024 1147 1107 obligationem

166 1111 364 1174 denuntiandi
380 1120 573 1193 corruptores
595 1112 758 1195 dequibus
773 1111 1079 1197 mododictumiuit3
1098 1115 1148 1178 sod

166 1201 320 1263 extrahas
343 1219 442 1278 casus,
460 1202 637 1282 'generatim
666 1200 835 1282 Episcopus
862 1207 924 1263 nori
939 1201 1019 1263 ualet
1043 1203 1148 1266 fideles

166 1289 301 1370 obligare
315 1288 353 1350 ad
366 1288 592 1365 denuntiandos
602 1306 712 1351 omnes
724 1289 893 1351 sacerdotes
900 1287 937 1351 ad
950 1291 1051 1370 turpia
1066 1292 1148 1354 solli-

166 1377 293 1440 citantes
320 1384 403 1438 extra
430 1377 622 1441 occasionem
652 1376 852 1440 contessionis
884 1380 1144 1442 sacramentalis:

166 1465 265 1547 agitur
278 1466 360 1528 enim
373 1465 422 1528 htc
436 1465 474 1528 de
484 1467 628 1538 animine,
644 1471 678 1528 ut
697 1465 874 1546 plurimum,
896 1467 1034 1543 occulto;
1060 1487 1148 1547 porro

169 1571 230 1615 non
257 1554 325 1616 licet
352 1553 483 1634 aliquem
502 1554 661 1630 infamare,
690 1554 746 1615 nisi
770 1554 802 1615 id
815 1554 913 1633 exigat
926 1554 1045 1616 bonum
1065 1574 1147 1619 com·

168 1638 280 1718 mune,
302 1648 353 1704 aut
374 1644 481 1704 saltem
503 1643 619 1709 mount
642 1643 813 1704 innocentis
837 1641 920 1722 quod
948 1643 1037 1725 aliter
1061 1645 1149 1707 vitare

169 1747 229 1792 non
242 1737 351 1811 posset.
369 1732 405 1792 V.
422 1732 457 1790 P.
471 1734 552 1811 Gpry
567 1735 592 1807 2,
608 1739 639 1793 et
652 1736 789 1792 nostrum
803 1731 943 1793 Manuale
958 1735 980 1792 ³.

166 1858 169 1862 ·
210 1831 278 1890 roo.
302 1834 335 1889 'tr
359 1832 404 1889 llo
420 1828 507 1895 facila
519 1828 595 1890 tides
608 1829 645 1889 sit
668 1826 837 1890 adhibenda
850 1827 1032 1889 mulieribus
1046 1847 1148 1892 sacer-

168 1914 270 1978 dotem
298 1915 336 1978 de
359 1916 569 1980 sollicitatione
596 1916 836 1980 accusantibus?
855 1950 892 1964 -
925 1914 1149 1980 ldhaerendum

168 1996 312 2084 putamus
325 2006 516 2088 responsioni
533 2008 564 2066 P.
579 2005 674 2086 Gury,
700 2023 768 2086 quae
783 2006 831 2066 sic
841 2022 874 2067 se
889 2004 979 2066 babet
993 2007 1008 2041 ⁴
1029 2010 1148 2088 :ttesp

173 2114 188 2151 «
209 2095 285 2175 Neg.
300 2114 308 2171 ;
329 2093 380 2155 sed
395 2093 501 2161 sedulo
515 2094 677 2174 pensandae
690 2101 761 2155 sunt
774 2101 838 2156 tum
862 2093 1071 2168 confessario,
1089 2102 1150 2157 tum

175 2205 190 2240 n
210 2183 418 2263 superioribus
432 2181 763 2245 varimcircumstantiae
775 2200 877 2244 rorum
888 2188 918 2244 et
929 2199 1147 2262 personarum:

174 2294 189 2329 n
211 2289 271 2333 non
285 2271 378 2333 semel
392 2271 473 2334 enim
487 2271 558 2348 risae
580 2277 652 2333 sunt
666 2270 863 2343 mulierculae,
880 2288 947 2350 quae
973 2287 1010 2331 ex
1026 2271 1148 2341 invidia,

165 2380 188 2418 »o
210 2358 291 2435 odio,
304 2359 452 2440 zelotipie,
476 2360 578 2429 aliove
593 2360 705 2421 motivo
724 2376 864 2438 perverso
878 2358 1004 2420 clericos
1026 2377 1149 2440 prorsus

174 2470 190 2506 a
210 2448 399 2523 innocentes,
424 2448 563 2511 atrociter
581 2446 774 2511 calumniatae
787 2447 910 2509 luerint.
927 2448 1037 2508 Omnia
1060 2447 1149 2528 igitur

164 2556 189 2594 <r
210 2536 351 2618 adiuncta
379 2541 498 2604 maturo
521 2538 660 2598 examine
684 2536 839 2617 pensanda
868 2542 950 2613 sunt,
978 2537 1148 2617 praesertim

175 2647 190 2684 (ι
210 2627 333 2707 quando
349 2626 491 2695 mulieres
505 2622 1149 2704 videnturlacilepraceplodenuntiationis
1177 2654 1179 2707 i

175 2735 190 2771 a
211 2713 349 2776 iaciendo
363 2714 606 2799 obtemperantes
621 2736 649 2774 a.

210 2815 279 2874 tt't.
304 2814 348 2873 [tx
361 2812 486 2877 constit.
508 2810 727 2875 Sacramentum
743 2811 937 2885 Paenitentia,
959 2817 988 2870 el
1011 2812 1149 2873 Instruc·
1177 2822 1179 2883 t

164 2900 298 2964 tiones.
316 2902 426 2983 Gongr.
442 2900 649 2981 inquisitionis
664 2916 754 2979 supra
768 2899 877 2968 relatis,
893 2897 1077 2978 penitentes
1092 2900 1150 2962 sol-
1178 2904 1179 2967 j

170 2988 273 3053 licitati
297 2996 439 3053 tenentur
454 2989 492 3057 ad
517 2982 790 3060 denuntiationem,
806 2986 922 3049 etiamsi
943 2985 1150 3051 sollicitationi
1177 2982 1179 2991 ⁴

173 3079 396 3153 consenserint,
412 3078 465 3142 sed
480 3095 570 3141 suum
582 3092 765 3139 consensum
776 3074 1039 3139 manifestarenon
1049 3081 1151 3140 tenen·

170 3173 236 3248 tur3
253 3169 316 3231 imd
329 3168 367 3231 de
380 3168 438 3230 hac
450 3164 675 3235 circumstantia
691 3162 868 3243 interrogari
885 3166 1066 3244 nequeunt3
1084 3166 1150 3228 etsi

172 3263 278 3338 sponte
290 3256 519 3336 confiterentur,
534 3254 627 3318 altum
635 3251 674 3315 de
683 3250 735 3313 tali
746 3250 988 3314 manifestatione
995 3252 1149 3319 silentium

199 3472 228 3519 ·t.
247 3465 276 3518 Τ.
295 3465 325 3527 ll,
336 3476 363 3516 n⁰
375 3464 431 3517 552.
589 3481 591 3485 ·

205 3538 230 3589 t.
250 3538 438 3604 compendium,
453 3542 470 3589 t.
484 3535 510 3597 t,
522 3543 549 3586 nr
561 3533 616 3595 590,
627 3533 693 3588 Noto
705 3534 745 3585 Ἅι.

207 3607 232 3661 8.
249 3607 281 3660 Νο
295 3608 366 3670 5833,
380 3615 427 3660 otc.

204 3680 229 3730 t.
246 3679 318 3741 rua,
329 3688 357 3730 ol
369 3679 424 3732 tto.
