2362 4094
457 176 550 222 csrur
570 178 603 224 n.
747 162 751 171 '
980 161 1019 221 'tu

25 297 187 378 loquendi
204 316 212 357 ε
227 295 452 359 denuntiandus
466 300 511 358 est
524 293 649 376 quidem
663 291 875 369 contessariua
887 292 910 354 si
926 306 1020 374 appa*-

26 392 95 448 reat
111 384 202 467 quod
219 384 348 448 laudatio
362 403 398 448 ex
409 393 500 467 pravo
514 382 623 446 affectu
635 383 695 456 tiat,
708 399 796 445 secus
812 381 836 442 si
849 399 886 443 ex
898 380 1020 462 impru-

25 474 140 537 dentia
158 480 189 535 et
203 473 297 534 animi
311 474 439 536 levitate.
507 526 511 531 .

68 561 273 624 Probabilius
285 580 356 624 vero
370 560 598 625 denuntiandus
605 565 684 621 esset
693 559 745 639 qui
758 558 877 620 mulieri
888 557 1017 620 diceret:

31 650 148 714 Tecum
174 650 323 725 auderem,
351 651 379 712 si
400 670 487 712 essem
512 649 674 711 secutoris.
700 647 731 710 Si
755 653 858 710 autem
884 646 1018 709 diceret:

27 739 187 801 Memento
201 739 259 801 mel
272 742 345 821 quia
361 748 388 801 te
410 759 449 801 coc
461 737 546 801 corde
564 737 673 818 ditior,
694 734 918 817 explorandum
943 741 1022 798 esset

29 847 68 890 ex
83 828 328 891 circumstantiis
343 847 381 889 an
407 834 528 907 propter
544 826 602 888 hoo
623 824 825 887 confessarius
846 823 884 886 sit
897 822 1020 886 denun-

28 916 266 979 tiandus-Si
291 916 391 979 dicat:
409 915 540 996 Expecta
567 934 612 975 me
639 912 724 974 leodic
751 911 832 973 domi
853 920 923 988 tuce,
950 912 1022 992 quia
1094 938 1096 943 ¹

30 1005 128 1066 dedeo
144 1014 238 1066 tecum
253 1004 345 1082 loqui,
362 1009 392 1066 et
408 1011 509 1084 postea
522 1020 627 1065 revera
640 1019 707 1063 eam
722 1000 804 1063 domi
819 1000 927 1063 inviset
940 1005 970 1062 et
984 999 1022 1063 de

30 1093 210 1155 inhonestis
222 1101 339 1169 tractet,
353 1100 397 1154 est
411 1089 647 1155 denuntiandus.

70 1183 156 1242 ltem
172 1181 196 1242 si
211 1180 369 1262 poenitenti
382 1180 460 1242 dicat
476 1200 482 1239 :
508 1178 582 1240 Hcec
596 1186 647 1238 tuo
668 1185 786 1258 peccota
800 1174 904 1237 cudere
919 1194 964 1237 mc
976 1175 1021 1256 fe·

30 1279 142 1331 cerunt
166 1270 198 1330 in
211 1269 404 1351 pollutionem
419 1266 668 1342 involuntarium,
683 1267 741 1328 eti
756 1264 870 1327 fortiori
878 1263 903 1326 si
916 1263 997 1327 dieat
1011 1283 1019 1327 ε

33 1358 261 1419 uoluntarium.

71 1447 186 1515 tmesi
202 1446 323 1508 mulieri
344 1443 567 1507 confessionem
587 1447 701 1527 petenti
713 1444 792 1506 dicat
809 1462 817 1503 z
832 1441 911 1505 Nolo
925 1452 953 1531 tc
965 1462 1022 1506 uu·

32 1531 101 1595 dire
122 1535 159 1594 io
175 1533 352 1615 consessione
373 1552 410 1595 nc
423 1532 548 1614 ult‘quod
559 1534 635 1595 midi
647 1533 810 1611 continuet,
833 1532 906 1612 quia
925 1550 1023 1593 umore

26 1627 72 1683 tut
86 1630 196 1703 captus
204 1642 278 1697 sum,
296 1629 342 1684 est
356 1621 599 1699 denuntiandus,
616 1621 686 1701 quia
701 1620 861 1683 inhonesta
876 1626 947 1683 sunt
957 1620 1021 1684 hu·

34 1708 175 1786 jusmodi
187 1710 288 1786 verba,
301 1717 330 1772 et
343 1710 488 1771 occasione
500 1709 688 1790 confessionis
702 1707 909 1788 proferuntur.

78 1799 111 1860 Si
129 1799 252 1861 mulieri
266 1806 387 1880 turpem
401 1798 599 1861 tentationem
611 1798 757 1877 repulisse
766 1797 911 1859 asserenti
924 1797 1019 1861 dicat:

36 1886 97 1948 Sed
109 1888 141 1948 si
155 1888 270 1968 dit'qut's
281 1887 336 1948 tibi
344 1888 502 1969 pecuniam
517 1885 651 1960 dedisset,
666 1892 830 1966 peccasses?
840 1892 871 1947 et
884 1904 947 1947 non
962 1886 1021 1949 ob-

32 1976 139 2056 iurget
152 1993 227 2038 casu
240 1975 484 2057 quoaffirmative
493 1973 707 2055 respondisset,
722 1973 771 2036 vel
786 1974 811 2034 si
824 1974 973 2054 objurget,
991 1978 1023 2038 et

35 2069 143 2125 tamen
160 2071 263 2145 postea
284 2064 379 2138 domi,
409 2063 509 2124 riblato
527 2063 679 2143 pecunia,
702 2079 769 2124 eam
797 2061 947 2139 sollicitet,
977 2066 1023 2125 est

38 2150 283 2215 denuntiandus.

80 2241 112 2302 Si
129 2239 231 2301 (licatz
252 2239 314 2304 Cur
337 2242 426 2301 etium
453 2259 563 2301 mecum
578 2259 638 2301 nou
651 2259 678 2301 cs
692 2238 852 2300 tumaces
869 2246 939 2301 aut:
966 2238 1021 2301 Vc·

39 2330 124 2390 niam
141 2330 175 2389 in
188 2327 302 2389 domum
317 2337 346 2390 et
352 2329 505 2410 promittis
514 2327 592 2390 accidi
604 2329 703 2410 fucere
713 2325 794 2410 quod
803 2327 930 2389 voluero.
940 2327 957 2389 l
968 2329 1021 2391 Vel

40 2425 129 2498 turpe
143 2415 329 2478 desiderium
345 2417 501 2478 confitenti
513 2417 591 2479 dieat
607 2439 613 2475 :
629 2416 669 2477 lle
680 2416 733 2478 doc
747 2435 865 2496 spernus
877 2426 944 2497 post
956 2435 1022 2478 cou-

39 2506 208 2585 fesst‘onem,
236 2512 315 2567 esset
341 2500 579 2583 denuntiandus,
604 2505 662 2566 nisi
685 2503 960 2586 deprehenderetur
985 2522 1021 2568 ex

40 2593 280 2656 circumstantiis
294 2596 323 2654 in
339 2594 386 2655 his
401 2593 498 2655 veritis
514 2612 575 2657 non
592 2592 723 2655 adfuisse
748 2592 999 2656 sollicitationem.

81 2681 318 2744 Denuntiendus
337 2683 448 2764 pariter
463 2687 541 2743 esset
555 2681 608 2762 qui
622 2680 826 2743 concubinam
849 2681 1023 2763 ultiurgaret

41 2772 124 2850 qnod
141 2789 212 2832 cum
227 2770 293 2831 aliis
308 2788 339 2832 se
353 2770 564 2841 immiscuerit,
579 2768 767 2832 ostendendo
782 2770 825 2832 sie
837 2787 869 2832 ss
881 2787 971 2851 agere
984 2789 1021 2833 ex

39 2858 250 2940 zelotipia.Vel
267 2858 290 2919 si
305 2857 417 2920 eamde
429 2858 559 2939 peccatis
569 2875 640 2921 eum
650 2857 715 2920 aliis
729 2857 899 2923 commissis
911 2858 1022 2922 solum·

41 2948 134 3010 modo
151 2948 309 3028 vituperet,
328 2966 389 3008 non
399 2953 499 3008 autem
510 2945 548 3007 de
562 2945 598 3007 iis
612 2964 716 3008 secum
731 2940 853 3027 patratis
865 2949 885 3008 ¹.

80 3040 153 3099 lte.
177 3038 210 3096 60
241 3038 287 3095 An
314 3035 352 3096 sit
374 3033 518 3114 obligatio
547 3032 747 3096 denuntiandi
771 3032 957 3096 sacerdotem
983 3035 1021 3097 ad

42 3126 146 3205 turpia
159 3123 383 3199 sollicitantem,
406 3121 458 3184 sed
473 3124 538 3183 sine
552 3121 615 3184 ulla
629 3123 795 3201 relatione,
824 3122 916 3184 etiem
940 3124 1021 3186 indi-

43 3219 138 3287 recta,
158 3211 195 3272 ad
221 3209 468 3274 confessionem?
483 3244 520 3257 -
542 3211 596 3272 Vel
617 3211 743 3292 queastio
757 3211 870 3290 dejure
891 3212 1021 3293 positivo

44 3299 253 3380 investigatur,
268 3299 368 3360 uelde
382 3300 451 3378 J'ure
464 3298 592 3359 naturali
609 3319 616 3360 ε
634 3300 658 3360 si
681 3299 777 3380 prius,
792 3299 876 3363 nulla
890 3300 922 3361 in
938 3299 1020 3363 dicto

41 3388 108 3465 jure
122 3388 273 3468 reperitur
287 3386 387 3467 quoad
402 3387 459 3449 hoe
473 3387 659 3468 praescriptio
674 3406 681 3448 :
710 3388 734 3450 si
758 3388 917 3470 posterius,
942 3406 1019 3452 ooo-

44 3477 160 3557 tingere
176 3482 299 3557 possent
325 3493 413 3538 casus
437 3473 594 3556 inquibus
618 3482 697 3538 esset
715 3472 890 3556 hujusmodi
905 3475 1019 3557 obliga-

75 3668 98 3718 t.
116 3667 143 3720 S.
162 3666 276 3733 Ligusr„
292 3665 336 3717 lib.
350 3666 374 3728 6,
387 3676 415 3717 11⁰
426 3666 483 3717 tot.
