2362 4094
186 128 244 211 {32
438 138 441 141 ·
472 194 475 199 ,
509 144 546 188 nn
567 143 659 190 annos
679 128 831 190 rnnaans'.

185 266 426 325 controvertitur.
442 266 584 344 Utraque
596 265 756 341 sententia,
772 266 834 327 sive
848 265 1015 342 affirmans,
1030 268 1157 330 sirene-

186 369 273 432 gans,
289 352 452 433 probabilis
476 353 682 415 declaratura
707 355 738 416 S.
767 353 908 432 Lignorio
922 359 951 430 ¹,
976 356 1033 436 qui
1061 363 1158 419 tamen

187 442 375 521 propendere
401 440 519 504 videtur
546 442 577 502 in
604 441 816 516 affirmantem,
842 462 879 506 eo
903 443 987 524 quod
1011 442 1158 524 imprimis

109 550 111 555 ·
186 528 316 590 affinitas
329 547 389 590 non
403 530 596 591 contrahitur.
606 530 661 591 nisi
682 537 828 593 coeuntes
848 531 922 593 fiant
936 549 999 593 una
1013 551 1091 595 earo
1103 538 1119 607 ;‘
1133 538 1158 595 at

187 635 330 679 unaoaro
351 636 411 679 non
427 617 598 681 efficiuntur
619 619 675 679 nisi
696 619 813 680 semina
832 619 1105 703 commisceantur.
1127 622 1159 681 tit

187 704 252 767 haec
264 706 412 767 sententia
422 706 558 768 firmatur
571 709 748 769 auctoritate
759 711 789 768 S.
802 705 937 782 Thomae,
947 707 1098 789 quidooat
1112 727 1157 771 er·

189 812 291 872 presse
309 795 388 874 exigi
410 795 642 879 seminationem
671 802 733 856 tam
760 796 851 856 maris
876 814 968 877 quam
988 796 1116 859 teminae
1131 804 1157 859 ut

189 882 315 944 affinitas
326 882 531 944 contrahatur.
548 884 606 952 Sed
619 885 650 944 in
664 882 758 944 dubio
773 883 1018 962 presumendum
1032 892 1079 946 est
1091 903 1158 967 per·

189 971 298 1033 tectam
323 971 415 1033 fuisse
428 971 578 1051 copulam.
593 971 682 1035 Unde
697 972 721 1033 si
733 971 778 1033 vir
792 972 908 1049 unierit,
932 980 961 1034 et
982 971 1105 1035 dubitet
1124 991 1156 1037 au

190 1059 390 1132 seminaverit,
405 1060 450 1120 vei
465 1077 503 1120 an
519 1061 596 1120 intra
610 1079 673 1136 vas,
689 1059 820 1140 perfecta
829 1060 1020 1140 praesumitur
1029 1061 1155 1143 copula:

191 1148 333 1230 idemque
345 1147 443 1210 diade
459 1148 585 1209 muliere
597 1148 720 1229 quando
735 1147 764 1208 in
783 1148 864 1209 onitu
884 1166 1027 1229 magnam
1041 1159 1159 1231 experts

190 1246 234 1297 est
259 1237 454 1317 voluptatem,
476 1245 539 1299 esto
558 1237 789 1298 seminationem
814 1254 876 1297 non
901 1236 1074 1299 adverterit.
1103 1238 1161 1301 iia

169 1400 174 1408 ὓ
191 1324 321 1386 dubitari
333 1342 420 1404 posse
432 1324 549 1386 videtur
563 1325 668 1386 adesse
681 1324 854 1386 affinitatem
869 1324 993 1405 quando
1004 1324 1162 1408 oonoeffin

189 1418 272 1474 'certe
294 1412 453 1474 subsecuta
482 1420 527 1474 est
553 1414 705 1495 copulam.
730 1413 952 1474 oriturarum
975 1413 1161 1484 affinitate

191 1500 301 1581 copula
312 1500 412 1562 habita
425 1520 496 1563 oum
508 1492 633 1563 muliere
657 1518 781 1580 prorsus
792 1502 885 1562 invita
896 1520 932 1563 ao
946 1503 1161 1569 renitent&

192 1589 283 1650 etiam
297 1589 478 1665 dormiente,
502 1598 556 1651 aut
567 1589 660 1650 ebria.
679 1589 750 1669 Cap.
773 1589 999 1665 Discretionrm,
1020 1591 1128 1653 ιὶοοο·λ
1151 1592 1158 1604 ’

193 1678 328 1758 eopnooit
342 1680 363 1738 ².
377 1677 435 1738 Sed
446 1676 619 1759 hujusmodi
633 1677 783 1738 mulierin
798 1679 848 1738 tati
860 1697 932 1740 casn
948 1697 1011 1740 non
1032 1682 1163 1760 pris*

191 1766 259 1847 jure
282 1766 400 1845 petendi
425 1766 561 1827 debitum
583 1765 756 1845 conjugale,
781 1771 814 1826 ut
838 1762 916 1837 inira
927 1767 1040 1829 dicturi
1059 1784 1160 1830 sum

95 1880 98 1887 ,
197 1851 290 1933 (ara).

484 2158 487 2163 -
557 2122 793 2191 carnari.
834 2104 837 2109 ’

428 2310 471 2355 nn
509 2309 710 2357 rurornn'rm
745 2302 932 2359 oonrnouu.

147 2528 151 2535 ,
236 2476 304 2534 237.
328 2472 506 2552 Impotentia
530 2472 757 2533 matrimonium
778 2471 952 2549 praeoedens
973 2478 1019 2534 est
1038 2469 1154 2553 impodi-

199 2569 335 2622 mentum
350 2559 507 2634 dirimens,
529 2559 554 2621 si
569 2567 713 2641 perpetua
724 2560 762 2620 sit
777 2578 784 2619 :
800 2565 882 2640 patet
894 2559 981 2633 ratio,
1006 2579 1078 2622 oum
1095 2558 1154 2622 saii-

198 2647 255 2709 dus
267 2667 333 2710 esse
340 2655 471 2729 nequeat
479 2655 650 2710 contractus
660 2648 783 2729 quando
793 2665 841 2737 res
854 2648 1002 2728 promissa
1012 2661 1154 2729 nunquam

200 2736 308 2814 poterit
316 2738 460 2817 praestari.
474 2769 512 2782 -·
523 2738 616 2798 Serus
630 2754 704 2815 ergo
713 2737 738 2798 si
747 2735 924 2816 temporalis
935 2743 1055 2798 tantum
1068 2735 1155 2798 sitim·

125 2820 128 2827 '
200 2825 621 2907 potentia,rreosi,ronnubio
632 2825 730 2887 valide
743 2832 909 2900 contracto,
919 2823 1154 2906 superveniatinr

199 2913 332 2994 potentia
345 2913 435 2974 etiam
450 2921 595 2994 perpetua
610 2912 697 2975 :ideo
709 2920 782 2975 tune
793 2912 919 2974 solvitur
930 2913 1152 2983 matrimonium,

200 3002 271 3082 quia
291 3009 336 3062 est
349 3001 567 3062 indissolubile.
581 3005 613 3062 ln
624 3001 682 3063 hoo
696 3007 798 3061 tamen
808 3019 881 3063 casu
895 3001 1083 3081 impotentia
1095 3016 1154 3062 oon·

196 3090 273 3169 jogii
289 3089 443 3151 vincutum
460 3108 521 3149 non
536 3089 691 3160 irritantis,
710 3089 830 3168 sponsis
848 3089 902 3150 soti
915 3095 1013 3151 tactus
1026 3097 1056 3151 et
1069 3085 1154 3151 osenia

200 3178 293 3240 licent
303 3197 372 3259 qnae
385 3176 450 3238 fiori
464 3185 590 3258 possunt
603 3178 679 3238 eitra
695 3177 868 3258 pollutionis
882 3177 1052 3258 perieulum
1068 3183 1090 3239 ⁸.

242 3266 334 3328 Adest
359 3271 460 3326 autom
488 3265 664 3346 impotentia
686 3265 811 3347 quando
845 3267 991 3346 conjuges
1019 3268 1155 3348 nequeunt

233 3494 255 3542 1.
276 3493 329 3542 mo.
344 3492 367 3551 o,
382 3492 498 3542 aratura.

232 3564 256 3611 2.
275 3563 368 3624 sortia,
383 3564 504 3624 inaty'ur.
518 3568 591 3627 prtu,
603 3561 616 3629 ξ
630 3563 683 3613 189.

235 3633 257 3680 3.
277 3633 301 3680 S.
322 3633 431 3695 Liguor„
446 3633 487 3681 iiii.
498 3636 521 3692 6,
536 3644 563 3681 n⁰
579 3636 645 3682 1095.
