2362 4094
109 178 113 187 '
175 185 231 244 tot
498 203 535 248 nr
557 202 647 248 araus
667 201 821 248 vaurnats.

173 314 287 394 plures,
311 336 372 378 non
396 325 474 380 esset
501 319 628 379 mortale
656 326 723 399 post
748 319 866 381 tertiam
894 320 925 379 in
939 319 1046 380 eadem
1061 327 1140 379 nocte

108 449 112 456 .
174 404 327 483 copulam,
338 412 477 485 quartam
489 425 610 488 negare.
625 410 691 468 Non
706 413 806 470 tamen
821 410 851 469 S.
865 409 988 488 Liguor.
1003 407 1141 489 approbat

174 492 322 573 quosdam
337 497 399 557 llll.
422 502 589 557 asserentes
604 498 730 558 mortale
758 516 821 558 non
844 515 909 557 esse
920 497 1017 570 semei
1040 514 1140 576 negare

175 580 204 640 in
218 599 322 644 mense
334 583 432 664 eiqui‚
449 584 612 665 quinquies
622 592 755 661 tanturn,
772 585 880 645 eodem
894 585 1041 666 temporis
1055 584 1141 664 spatio

173 669 266 748 exigit
280 675 301 731 ¹.

205 761 267 820 Nec
278 759 411 823 creditur
421 761 511 822 etiam
521 780 647 843 peccare
657 781 734 825 uxor
747 761 784 837 si,
799 762 913 842 absque
924 759 1140 822 incontinentia

174 846 319 927 periculo,
340 848 377 907 ad
405 849 495 910 inere
520 857 642 931 tempus
667 850 793 912 reddere
822 850 950 922 differat,
977 850 1014 910 ad
1029 855 1139 910 noctem

175 953 297 1015 nempe,
313 936 359 997 vel
383 938 437 999 sia
464 946 553 1000 nocte
578 938 745 1000 difleratad
761 957 861 1000 mane.
883 941 942 1019 Ipsi
960 945 1062 999 tamen
1088 954 1138 997 uon

174 1023 246 1085 licet
256 1025 407 1105 negarain
425 1032 512 1087 nocte
525 1028 679 1107 copulam,
696 1027 907 1107 posthabitam
924 1028 955 1087 in
970 1027 1020 1087 die
1033 1040 1055 1086 ².

214 1116 283 1175 993.
307 1115 429 1186 Queat.
452 1120 484 1176 9ο
511 1118 556 1176 Aa
584 1116 721 1177 debitum
747 1115 877 1196 negaudi
899 1115 938 1176 sit
959 1115 1041 1193 iusta
1060 1129 1139 1175 causa

174 1202 298 1281 quando
337 1203 439 1283 plures
476 1211 641 1267 nascuntur
675 1204 728 1265 filii
756 1222 850 1284 quam
888 1204 1037 1284 conjuges
1069 1201 1139 1263 alere

174 1290 327 1370 possuntt

216 1382 305 1460 Resp.
335 1381 450 1443 Omnes
471 1381 634 1444 convenire
659 1400 726 1444 esse
748 1389 822 1445 tunc
843 1381 1063 1461 obligationem
1077 1377 1136 1440 red-

173 1466 265 1529 dendi
291 1468 466 1530 debitumsi
495 1469 617 1531 adsitin
638 1471 732 1533 altero
755 1469 926 1552 periculum
952 1469 1135 1531 incontinen-

173 1556 232 1618 tiae.
254 1588 292 1603 -
314 1559 404 1617 Extra
431 1557 514 1620 hunc
537 1576 643 1621 casum
665 1560 776 1640 duplex
792 1565 838 1620 est
851 1558 1012 1620 sententia
1044 1557 1137 1620 Primo

176 1653 276 1724 negat,
304 1646 375 1745 quia
399 1647 568 1727 procreatio
596 1648 690 1728 prolis
717 1654 763 1709 est
777 1665 948 1728 praectpuus
965 1643 1136 1707 matrimonii

175 1732 255 1802 finis
271 1734 320 1795 cui
348 1736 486 1815 postponi
509 1736 599 1797 debet
626 1737 753 1817 quodvis
776 1734 1025 1798 incommodum:
1044 1731 1137 1794 melius
1167 1782 1168 1787 ,

173 1828 217 1882 est
231 1823 313 1883 enirn
330 1831 363 1885 ut
374 1823 451 1885 viret
460 1824 594 1925 ‘proles
586 1844 777 1906 inopsquam
794 1825 819 1885 si
841 1822 1017 1885 nullatenus
1031 1824 1135 1884 existat

174 1911 321 1973 Praeterea
334 1919 386 1974 aut
399 1914 510 1991 coniux
526 1921 651 1993 negaret
664 1914 729 1987 diu,
746 1921 796 1975 aut
811 1911 1005 1973 solummodo
1020 1910 1057 1971 ad
1069 1918 1135 1971 ten-

175 2018 249 2078 pus:
265 2019 288 2061 sr
282 2000 369 2074 diu,
385 2009 550 2081 exponeret
563 2003 692 2064 alterum
704 2002 847 2083 'periculo
865 2001 1105 2071 incontinentiam
1118 1994 1136 2055 si
1166 2036 1167 2071 ,

174 2088 211 2149 ad
226 2096 346 2170 tempus
371 2096 502 2164 tontum,
520 2090 628 2152 trustra
649 2098 785 2170 negaret,
805 2108 877 2151 cum
892 2090 990 2150 rarius
1008 2095 1136 2150 coeuntes

174 2177 291 2239 facilius
305 2179 488 2258 concipiant.
500 2178 685 2240 -Seeundo
699 2179 838 2252 affirmat,
853 2177 926 2257 quia
941 2175 1136 2256 multiplicatio

174 2266 283 2329 suturae
296 2268 388 2347 prolis
402 2268 432 2328 in
450 2267 668 2330 detrimentum
680 2268 757 2330 cedit
770 2270 834 2344 jam
853 2264 1027 2344 genitorum
1036 2285 1045 2341 ;
1060 2279 1136 2343 porro
1165 2306 1166 2309 ,

174 2357 205 2416 in
221 2357 365 2418 omnibus
378 2356 488 2417 debitis
512 2375 622 2436 magna
636 2356 796 2418 difficultas
810 2374 826 2416 a
841 2354 993 2416 solutione
1016 2358 1134 2414 excusat.

176 2444 271 2505 —Ob
293 2444 462 2524 periculum
491 2444 731 2519 incontinentia,
747 2442 829 2523 quod
846 2444 898 2502 >vix
921 2442 1028 2502 abesse
1043 2446 1134 2520 potest,

175 2532 273 2611 prima
285 2533 434 2593 sententia
450 2534 547 2613 magis
560 2532 672 2594 arridet
689 2534 721 2593 S.
748 2531 898 2611 Liguoriu,
913 2529 1044 2609 ideoque
1068 2527 1134 2588 illaru
1164 2582 1165 2585 ,

175 2621 369 2701 amplectitur
383 2623 404 2682 ³.
418 2620 421 2629 ’

214 2713 283 2770 aut.
309 2710 432 2780 Quaerit.
448 2713 481 2770 3ο
495 2712 541 2770 An
556 2711 666 2788 conjux
681 2715 820 2771 teneatur
834 2707 959 2769 reddere
980 2725 1053 2769 num
1066 2703 1134 2786 gravi

175 2796 290 2858 damno
305 2816 361 2859 suo
375 2806 427 2860 aut
442 2798 556 2878 prolis?

217 2888 305 2965 Resp.
336 2891 368 2947 1⁰
390 2888 512 2948 Certum
537 2895 580 2948 est
597 2891 628 2948 t⁰
640 2886 734 2947 teneri
749 2886 895 2964 coniuges
909 2882 1134 2945 ad'reddendum

175 2993 246 3036 cum
273 2975 328 3035 levi
364 2993 420 3036 suo
446 2975 577 3035 damno:
614 2974 825 3053 preponderat
851 2972 933 3032 enim
957 2972 1005 3032 lex
1029 2970 1135 3050 justitie

175 3063 316 3143 obligans
331 3072 403 3125 tunc
417 3063 474 3124 sub
484 3064 565 3141 gravi
579 3064 619 3125 ob
633 3064 766 3124 materie
779 3062 966 3141 gravitatem.
998 3062 1038 3121 ita
1061 3076 1134 3121 corn-

176 3155 319 3214 munitor.
347 3154 445 3221 Unde,
459 3153 546 3233 juxta
565 3172 632 3232 cap.
649 3156 680 3226 2,
702 3151 878 3231 Deeonjuqe
890 3150 1013 3229 leproso,
1032 3154 1136 3208 tenetur

175 3242 285 3319 conjux
296 3241 387 3301 etiam
403 3240 522 3320 leproso
536 3242 673 3315 reddere,
689 3238 822 3320 eoquod
844 3242 967 3318 copula,
984 3255 1051 3299 cum
1066 3234 1134 3296 breti

175 3327 238 3400 fiat,
269 3347 330 3389 non
358 3327 447 3389 infert
473 3329 637 3390 imminens
672 3327 843 3391 iniectionis
878 3327 1044 3406 periculum
1072 3324 1162 3406 (nour

108 3540 111 3545 ”
209 3538 452 3597 tribunatu.

208 3607 232 3655 2
251 3609 278 3657 S.
293 3608 405 3673 liquor„
417 3609 484 3669 ibid,
499 3622 528 3658 n⁰
516 3610 592 3659 0.at0

207 3676 231 3727 3
248 3677 320 3736 idid,
337 3680 433 3738 attollit,
447 3685 472 3730 et
483 3683 561 3733 Homo
577 3681 673 3747 Aport
688 3688 718 3732 tr
737 3682 775 3742 ts,
787 3684 868 3736 n0t5.
