2384 4138
181 147 220 204 68
507 160 544 202 uu
563 159 655 204 maus
675 160 828 206 vacuans.

186 296 202 330 «
223 273 361 346 articulo,
376 290 482 333 eorum
503 290 593 334 casus
607 275 660 353 qui
673 273 815 335 innoxios
828 275 1000 337 sacerdotes
1015 277 1099 355 apud
1111 295 1157 338 ec·

187 383 202 417 «
223 359 405 421 clesiasticos
420 360 539 437 judices
559 359 634 422 falso
657 361 877 423 sollicitationis
902 362 1097 439 insimulant,
1116 364 1157 425 rel

188 472 202 506 «
223 449 348 509 sceleste
366 454 532 528 procurant
557 457 590 509 ut
610 448 642 509 id
661 449 700 510 ab
714 449 783 511 aliis
797 449 859 511 fiat.
876 452 991 522 Quarto
1013 452 1157 533 denique,

188 558 203 592 «
219 537 370 597 sacerdoti
384 537 508 599 cuilibet
521 537 623 598 omnis
635 536 761 599 facultas
772 546 803 599 et
815 538 988 617 jurisdictio
1002 538 1042 600 ad
1058 559 1158 602 sacra-

188 624 372 686 «mentales
402 624 608 686 confessiones
631 643 769 705 personae
791 625 950 708 complicis
975 626 1008 687 iu
1037 633 1160 708 peccato

189 712 316 792 «turpi,
341 719 445 775 contra
470 722 588 775 sextum
612 713 747 793 decalogi
770 722 955 795 praeceptum
980 717 1159 791 commisso,

188 825 203 858 «
224 801 418 879 excipiendas
439 802 596 876 adimitur,
614 802 671 863 uisi
685 808 819 864 extrema
841 821 964 883 prorsus
980 810 1092 884 urgeat
1106 823 1160 866 ue-

188 912 203 947 «
223 891 363 951 cessitas:
387 891 530 952 nimirum
546 891 615 951 siin
637 891 731 970 ipsias
752 892 857 953 mortis
876 892 1003 954 articulo
1017 893 1098 955 alter
1111 912 1160 955 sa-

188 1001 203 1035 «
224 978 330 1039 cardos
344 979 432 1054 desit,
448 980 499 1058 qui
515 978 689 1039 confessarii
714 997 843 1041 munere
858 980 1019 1060 fungatur,
1035 980 1083 1043 vel
1099 983 1161 1043 siue

188 1088 204 1123 «
225 1066 306 1144 gravi
322 1066 422 1147 aliqua
442 1068 593 1128 exoritura
613 1066 736 1128 infamia
754 1067 800 1128 vel
820 1068 965 1130 scandalo
988 1070 1092 1131 vocari
1112 1077 1162 1132 aut

189 1177 204 1210 «
224 1154 367 1216 accedere
380 1161 509 1235 nequeat
519 1164 540 1216 ⁴.
551 1155 587 1214 ut
602 1154 780 1234 Apostolicae
793 1156 862 1218 Sedi
878 1162 1161 1221 reservatureorum

189 1265 204 1300 «
225 1243 478 1305 confessariorum
498 1261 604 1317 casus,
620 1243 672 1324 qui
691 1243 871 1324 complicem
887 1245 918 1307 in
938 1251 1069 1327 peccato
1081 1248 1160 1327 turpi

190 1355 205 1389 «
226 1332 381 1393 absolvere
395 1331 458 1392 ausi
475 1331 595 1393 fuerint.

229 1442 244 1478 «
264 1420 392 1480 Nullum
412 1437 485 1480 saue
512 1419 640 1482 dubium
668 1427 724 1500 est,
743 1421 817 1504 quin
837 1421 885 1483 hae
904 1421 1159 1503 praescriptioues,

190 1532 205 1567 «
225 1507 454 1589 prohibitiones,
469 1512 687 1572 reservationes
707 1529 815 1574 omnes
829 1517 858 1571 et
874 1510 1003 1590 singulae
1018 1511 1052 1572 in
1066 1530 1159 1573 euoc-

190 1620 206 1656 «
226 1605 271 1657 tas
286 1597 423 1658 nationes
445 1597 610 1659 universim
623 1599 702 1661 vires
716 1619 786 1662 suas
801 1598 977 1675 extendant,
1001 1607 1032 1661 et
1047 1599 1160 1701 ubique

191 1708 206 1743 «
227 1694 378 1749 terrarum
399 1687 579 1749 inconcusse
593 1705 628 1749 ac
640 1687 848 1749 iuviolabiliter
871 1687 1073 1750 observandae
1087 1694 1156 1749 srut.

191 1776 312 1847 «Quod
336 1775 459 1856 quidem
482 1775 529 1836 vel
554 1775 663 1855 legenti
687 1779 813 1857 Gregor.
841 1778 894 1837 XV
909 1782 938 1836 et
952 1775 1070 1837 Beued.
1093 1778 1159 1839 xlv

191 1863 456 1926 «constitutiones
479 1864 704 1925 evidentissime
730 1870 821 1944 patet,
836 1871 865 1925 et
892 1864 1025 1943 idipsum
1050 1883 1160 1926 cunse-

191 1976 210 2011 «
226 1954 385 2033 quantiam
405 1952 585 2012 Pontificum
608 1952 762 2033 suffragio,
778 1959 869 2033 prout
888 1971 920 2013 se
931 1950 1014 2013 dedit
1028 1954 1160 2024 occasio,

191 2065 207 2100 «
227 2042 264 2102 ad
276 2041 355 2103 hauc
368 2059 465 2121 usque
478 2041 558 2101 diem
574 2040 788 2102 confirmatum
798 2050 853 2103 est.
863 2042 899 2100 Et
913 2059 946 2100 ra
955 2039 1085 2119 quidem
1096 2058 1163 2101 vera

192 2154 207 2187 «
228 2127 1163 2208 VicarioApostolicocociuciuaesciscitanti:l0AaConstitatio

192 2242 208 2277 «
227 2217 338 2280 Baued.
357 2217 432 2279 XIV
444 2217 580 2278 aduersas
592 2217 788 2301 sollicitantes
806 2218 916 2298 oblipat
936 2217 1027 2277 ctiam
1045 2218 1163 2278 missia·

193 2332 207 2366 «
228 2309 328 2368 uarios
346 2305 554 2386 franciscanos,
572 2308 625 2387 qai
645 2307 841 2367 ministerium
854 2313 989 2366 exerceat
1008 2305 1041 2365 io
1057 2305 1162 2367 Cocin-

193 2420 208 2454 «
228 2399 321 2457 aiau?
339 2400 370 2456 2⁰
392 2396 439 2455 Aa
458 2394 558 2456 cadem
578 2397 748 2455 constitutio
761 2395 906 2473 restrinpi
915 2394 1008 2473 possit
1021 2413 1056 2454 ac
1071 2394 1162 2455 mode-

193 2509 208 2544 «
228 2488 295 2546 aori
311 2486 343 2545 in
358 2483 461 2565 aliquo
473 2482 583 2545 casaub
595 2503 731 2564 anapaam
746 2484 992 2564 confessariorum
1003 2485 1162 2564 penuriam

194 2598 209 2633 «
228 2577 261 2635 io
274 2573 369 2636 eodem
384 2593 471 2653 capno
489 2572 671 2634 Cocincina?
687 2604 725 2618 -
737 2575 826 2634 iussu
848 2573 890 2632 Pii
907 2575 956 2647 Vl,
976 2589 1060 2632 anuo
1076 2576 1161 2651 l't'id,

194 2688 209 2722 «
229 2668 399 2743 opportuna
413 2661 609 2723 instructione
624 2678 805 2742 responsum
822 2659 877 2721 luit
894 2680 900 2720 :
924 2660 961 2720 ad
978 2663 1006 2733 l,
1023 2659 1163 2740 affirma-

115 2802 117 2806 ,
194 2774 209 2809 «
229 2752 286 2811 tiae
292 2772 301 2827 3
315 2749 351 2810 ad
366 2754 396 2820 2,
412 2750 555 2830 nepotis-e.
568 2752 604 2810 Et
618 2749 756 2830 proxime
769 2747 979 2809 sanctissimus
990 2749 1027 2808 D.
1040 2750 1079 2808 N.
1098 2748 1163 2809 Pius

194 2861 209 2897 «
232 2841 311 2918 Papa
320 2838 360 2898 lX
374 2837 495 2898 decreto
509 2836 601 2918 hujus
616 2839 773 2918 Supremas
787 2836 1005 2917 inquisitionis,
1021 2836 1084 2897 sub
1097 2836 1166 2900 feria

194 2951 210 2986 «
229 2929 279 3000 lV,
295 2925 344 2986 die
367 2930 404 2987 27
418 2925 508 3002 iunii,
532 2944 612 2987 anno
636 2928 726 2999 1866,
750 2924 873 2986 edixit:
899 2924 935 2986 la
957 2923 1165 3004 facultatibus,

195 3038 210 3075 «
230 3016 334 3097 quibas
364 3013 503 3095 Episcopi
525 3014 640 3094 aliique
659 3014 787 3074 locorum
810 3011 969 3074 ordinarii
995 3032 1033 3074 aa
1052 3032 1166 3076 coacu-

195 3127 210 3164 «
230 3105 311 3165 sione
331 3103 493 3184 apostolica
513 3103 629 3183 pollent
652 3100 823 3163 absoluendi
845 3101 881 3162 ab
901 3101 1032 3162 omnibus
1054 3103 1166 3165 casibus

195 3217 210 3253 «
231 3193 410 3275 apostatica
420 3191 493 3254 Sodi
502 3190 850 3271 reservatis,eccipieodos
858 3209 971 3271 semper
979 3191 1165 3272 inposterum

197 3304 211 3341 «
232 3290 261 3343 ct
274 3291 404 3362 exceptos
419 3280 563 3341 laniandos
576 3300 634 3341 esse
647 3300 728 3341 casas
742 3289 898 3341 reservatos
913 3280 946 3339 ia
960 3279 1043 3340 bulla
1056 3277 1165 3342 Bened.

196 3393 211 3428 «
230 3370 280 3431 XI
289 3370 320 3446 V,
336 3390 402 3452 quoe
416 3371 526 3451 iacc'pit
539 3388 547 3429 :
562 3371 784 3432 Sacaausuauu
799 3384 1006 3432 rmuaauuaraa.
1033 3370 1105 3432 Hoc
1118 3368 1165 3430 de

193 3588 254 3708 Η1ι5
264 3586 348 3638 Consi.
362 3585 441 3652 ejusd.
456 3587 481 3638 S.
502 3586 530 3636 P.
546 3585 637 3636 Beued.
652 3586 710 3648 xlv,
731 3586 865 3652 Apostaltci
880 3587 1000 3659 muueris,
1015 3586 1057 3638 die
1073 3588 1091 3637 8
1111 3586 1164 3640 felir.
