2362 4094
282 231 470 278 nissi-:urimo
490 232 524 275 11.
548 231 642 277 creor
664 228 709 272 nr.
955 222 1012 281 159

11 392 12 397 1
43 349 308 431 probibitiotjuxta
324 354 446 415 enimS.
462 355 694 432 Hieronymum,
710 351 778 412 ideo
792 350 869 414 lacta
881 352 936 415 luit
951 355 1014 418 baec

10 464 11 483 2
45 439 222 516 probibitio,
238 442 310 523 quia
324 449 397 504 tuuc
418 461 454 504 ex
469 442 519 504 tali
532 442 614 503 coitu
626 439 726 521 proles
741 456 821 519 saepe
837 444 1015 506 nascebatur

9 564 10 571 κ
43 526 176 607 leprosa3
193 530 246 591 scd
262 531 412 592 incertum
427 539 472 592 est
486 550 525 592 an
546 530 576 592 id
600 528 689 590 bodie
713 528 839 604 accidat,
856 532 1014 613 multoque

9 654 10 659 κ
42 617 152 678 certius
165 626 221 691 est,
236 620 384 681 menstrui
401 626 549 700 tempore,
568 617 727 678 mulierem
751 635 812 678 non
838 621 1012 700 concipere,

9 742 11 747 ,
41 712 83 779 et,
98 707 195 786 posito
206 707 287 789 quod
302 708 463 787 concipiat,
477 708 585 769 melius
600 705 677 786 proli
691 707 748 766 erit
765 707 844 768 nasci
861 726 931 768 cum
957 709 1013 770 de-

40 793 229 857 fectuositate
244 815 336 877 qrram
355 815 413 856 non
427 797 565 858 existere.
590 828 625 843 ·-
650 797 712 856 Nec
726 795 815 855 eliam
837 795 1014 875 prohibetur

39 882 333 958 iureecclesiastico,
350 904 421 946 cum
437 885 578 965 praelatus
592 901 690 946 canon
706 883 842 962 Gregorii
858 884 887 944 in
903 884 1014 947 desue-

40 971 175 1034 tudinem
188 973 305 1035 abierit.
322 1008 359 1020 -
373 973 476 1044 Quoad
487 970 778 1053 veropericulumne
788 989 891 1032 semen
903 971 1013 1035 frustra

39 1059 212 1123 effundatur
228 1061 285 1123 hoc
297 1082 357 1123 nort
370 1063 467 1141 magis
481 1061 619 1124 illicitum
634 1060 729 1122 reddit
739 1059 852 1120 coitum
871 1080 963 1140 quam
988 1064 1011 1123 si

40 1149 148 1211 mulier
157 1158 239 1212 esset
253 1170 417 1231 praegnans
429 1159 480 1211 aut
492 1149 611 1211 sterilis.

83 1237 181 1299 Tertio
196 1239 318 1300 tandem
333 1240 488 1309 sententio,
504 1258 574 1320 quae
589 1232 772 1317 probabilior
786 1242 815 1294 et
829 1238 1014 1298 oornmunis-

40 1323 115 1386 sima
130 1344 147 1387 a
161 1329 192 1387 S.
210 1328 353 1406 Liguoaio
367 1336 503 1398 uocatur,
519 1327 591 1387 dicit
605 1327 734 1395 coitum,
757 1332 892 1404 tempore
909 1343 1012 1386 mens-

41 1413 115 1489 trui,
132 1434 193 1474 non
212 1434 279 1476 esse
303 1414 429 1494 quidem
456 1415 627 1487 mortalem,
654 1433 713 1475 non
741 1422 842 1474 lamen
865 1434 882 1474 a
906 1414 1012 1475 maiali

41 1504 186 1563 excusari.
208 1504 296 1575 liuod
326 1522 386 1564 non
412 1506 449 1564 sit
473 1504 618 1577 mortalis,
641 1502 786 1583 probatur
813 1520 848 1562 ex
878 1502 1013 1563 adductis
1096 1542 1102 1551 θ

41 1593 201 1653 momentis
218 1611 273 1673 pro
286 1593 418 1654 secunda
434 1594 602 1667 sententia3
620 1591 701 1671 quod
718 1611 789 1652 vero
815 1593 851 1652 sit
875 1593 1011 1665 venialis,

41 1676 96 1740 bno
111 1681 227 1743 ratione
239 1682 384 1761 probatur
399 1681 479 1761 quod
505 1681 543 1741 sit
568 1679 707 1760 quaedam
734 1679 921 1741 deordinntio
951 1698 1011 1741 non

40 1776 198 1846 expectare
215 1775 409 1850 tempusque
422 1768 532 1831 mulier
554 1769 604 1829 liet
622 1773 690 1847 apta
714 1768 885 1830 commodae
909 1788 1011 1849 recep-

41 1854 113 1917 tioni
129 1864 159 1918 et
172 1859 333 1920 retentioni
350 1858 486 1928 seminis,
503 1863 532 1917 et
546 1856 637 1917 modo
659 1858 711 1936 qui
732 1857 833 1918 minus
848 1857 900 1917 lini
915 1877 1011 1937 gene-

40 1945 164 2007 rationis
185 1947 328 2008 convenit
348 1946 414 2006 sine
433 1947 511 2024 justa
526 1963 617 2007 eausa
640 1945 731 2006 coire.
756 1945 881 2023 Nullum
911 1951 1011 2006 nartem

40 2040 118 2095 esset
143 2041 304 2115 peceatum
331 2034 354 2096 si
378 2036 458 2112 justa
482 2033 599 2096 adesset
624 2051 715 2094 causa
736 2035 779 2094 sio
801 2033 944 2109 coeundi,
974 2035 1011 2095 ad

39 2121 157 2185 vitanda
190 2142 301 2204 nernpe
328 2122 471 2197 dissidia,
500 2124 546 2183 vel
576 2122 849 2197 incontinentiam,
871 2137 921 2184 aut
953 2124 1012 2185 alia

40 2209 156 2273 similia.

79 2300 138 2361 litsi
156 2301 282 2363 maritus
295 2318 313 2361 a
327 2300 454 2361 muliere
470 2299 603 2360 monitus
619 2300 693 2359 nolit
716 2317 748 2359 se
770 2299 926 2373 desistere,
942 2321 1013 2381 pro-

40 2386 168 2452 babilius
180 2395 237 2466 est,
251 2391 378 2468 juxtas.
396 2389 517 2469 Lignum
536 2407 597 2448 non
609 2388 703 2449 teneri
720 2406 847 2448 uxorum
863 2400 1011 2451 menstru-

39 2483 119 2540 atam
141 2478 280 2540 debitum
305 2477 443 2550 reddere,
469 2477 492 2537 si
522 2495 582 2537 non
608 2476 685 2537 adsit
711 2495 801 2537 causa
829 2477 1013 2539 sullicienter

40 2572 141 2627 actum
155 2566 369 2628 cohonestaris.

77 2660 146 2718 282.
171 2655 344 2718 Notandum
358 2654 447 2717 Croix
462 2652 562 2715 dicere
584 2653 666 2734 quod
692 2672 753 2714 non
769 2655 807 2715 sit
822 2654 936 2716 licitum
954 2657 1011 2717 de-

38 2742 134 2806 bitum
146 2751 249 2825 petere
261 2762 278 2805 a
288 2743 419 2805 muliero
433 2742 588 2804 laborante
603 2742 1013 2823 gonor1·lirea,seupr·ollnvio

38 2834 163 2894 seminis
177 2833 349 2913 diotofluao
362 2832 438 2893 allo.
453 2830 512 2892 Sed
522 2830 580 2893 hoo
593 2850 653 2893 non
667 2830 795 2892 admittit
809 2834 840 2893 S.
858 2833 978 2913 Lignor.
990 2838 1010 2912 ¹,

38 2922 109 3001 quin
122 2923 190 2983 telis
199 2921 309 3002 copula
319 2939 419 3002 neque
432 2921 509 2996 viro,
525 2938 625 3001 neque
639 2920 758 2981 mulieri
774 2930 872 2996 nocet,
885 2932 912 2983 el
923 2943 1012 3004 grave

38 3009 160 3073 aliunde
171 3017 250 3072 esset
265 3009 1011 3092 incommodumconjugibus,propterbujusmodi

39 3097 166 3172 lluxum,
183 3099 235 3180 qui
248 3097 323 3160 solet
336 3116 402 3160 esse
417 3098 478 3159 lere
489 3104 664 3179 perpetuus,
678 3116 710 3159 se
724 3099 1013 3163 abstinere-Viro

38 3194 138 3250 autem
155 3188 301 3249 laboranti
316 3188 536 3249 iluxuseminis
558 3205 679 3266 semper
709 3189 777 3250 licet
793 3197 913 3269 petere,
942 3193 1011 3271 quia

39 3277 156 3338 nullum
171 3276 319 3338 damnum
336 3276 392 3336 boc
407 3277 493 3336 ebert
509 3294 565 3337 nec
578 3277 646 3355 ipsi,
663 3294 719 3338 nec
736 3280 833 3353 uxori,
852 3297 908 3341 nee
922 3280 1010 3360 proli.

76 3369 146 3427 283.
171 3370 205 3426 4⁰
227 3367 289 3427 Per
302 3374 414 3445 tempus
424 3364 615 3445 prrryutt'onis
634 3364 848 3446 intelliguntur
871 3370 935 3429 dies
959 3371 1011 3449 qui

38 3460 158 3531 partum
174 3454 415 3534 subsequuntur.
436 3456 527 3515 Juxta
545 3452 640 3532 legem
666 3456 843 3531 mosaicam,
872 3458 1013 3520 mulieres

38 3543 217 3605 arcebantur
232 3543 270 3603 ab
283 3543 421 3623 ingressu
437 3540 542 3621 templi
559 3559 613 3620 per
640 3546 681 3605 tu
707 3544 772 3607 dies
798 3553 866 3626 post
894 3556 1012 3629 partum

67 3726 90 3776 l.
108 3724 180 3785 Ilia,
192 3734 219 3772 n⁰
229 3722 284 3775 alo.
