2378 4102
181 127 236 186 lli
500 140 538 184 nn
558 139 652 186 araus
673 140 826 186 vnunnxrs.

179 259 338 319 -Putant
357 264 458 318 tamen
473 256 599 335 hujusce
613 256 770 317 sententiaa
785 256 904 336 patroni
918 256 1024 319 adesse
1047 257 1078 317 in
1096 256 1144 317 hoc

180 345 305 426 culpam
328 346 494 416 venialem,
512 345 581 427 quia
603 345 670 405 talis
683 345 840 406 delectatio
852 352 937 406 caret
958 344 1019 406 fine
1040 345 1143 418 debito,

179 452 250 496 cum
276 452 337 495 non
366 435 523 494 ordinetur
548 433 584 493 ad
612 433 753 512 copulam
779 440 986 512 praesentem:
1011 434 1144 513 probatur

178 523 268 583 etiam
283 543 318 583 cx
335 525 365 583 S.
379 522 513 594 Thema,
530 524 616 599 cujus
631 522 721 583 rerba
735 521 815 601 apud
830 524 861 583 S.
873 522 994 602 Lignor.
1011 523 1069 603 legi
1084 541 1144 602 pos-

178 617 250 671 sunt
261 615 281 670 ¹.
301 611 399 672 Tertio
410 609 555 672 sententia
566 609 721 688 distinguit
731 615 762 670 et
776 616 875 689 negat,
892 611 916 671 si
931 609 1089 672 delectatio
1103 610 1143 670 liat

179 698 294 779 absque
307 699 467 779 spirituum
481 699 698 774 commotione,
713 715 812 774 secus,
827 698 852 759 si
865 699 916 760 liat
929 717 1003 760 cum
1017 716 1144 760 commu

180 787 262 848 tione
276 793 307 847 et
315 786 485 854 titillatione
499 787 641 867 partium.

225 908 239 942 a
262 887 338 966 Ego,
349 885 447 969 inquit
463 888 493 946 S.
511 885 646 963 Lignor„
660 903 764 950 meum
776 882 926 962 iudicium
942 884 1091 964 proferam
1105 884 1143 945 :si

185 997 201 1033 a
220 973 378 1037 delectatio
398 974 554 1046 habeatur,
571 991 633 1033 non
647 973 746 1034 solum
760 990 831 1033 cum
850 974 1058 1034 commotione
1066 973 1143 1054 spiri-

186 1085 201 1122 a
222 1069 319 1132 tuum,
336 1063 388 1124 sed
408 1063 498 1123 etiam
512 1080 582 1123 cum
598 1061 765 1122 titillatione
782 1078 834 1122 seu
849 1060 1003 1141 voluptate
1018 1080 1141 1132 venerea,

186 1173 202 1209 <r
223 1152 395 1212 sentioeam
405 1169 465 1210 non
478 1167 566 1230 prosse
581 1151 745 1210 excusaris
760 1148 891 1221 mortali,
904 1149 976 1228 quia
986 1150 1143 1211 talisdelcc·

186 1241 294 1300 «tatio
318 1239 513 1318 estproximo
535 1239 698 1315 conjuncta
721 1256 793 1299 cum
808 1238 944 1318 periculo
969 1239 1140 1318 pollutionis.

186 1349 202 1384 «
223 1329 317 1389 Serus
330 1345 400 1389 xero
412 1336 487 1406 puto
501 1326 665 1387 dicendum
680 1327 703 1385 si
721 1326 798 1386 absit
812 1326 862 1385 illa
882 1327 1063 1407 voluptuosa
1086 1326 1143 1386 titil-

187 1437 202 1473 a
224 1413 306 1495 latio,
329 1415 402 1496 quia
423 1425 495 1476 tunc
512 1433 571 1483 non
586 1420 631 1474 est
645 1413 834 1474 delectationi
850 1416 990 1494 proxime
1005 1432 1142 1476 annexum

188 1525 203 1561 a
224 1503 392 1583 periculum
418 1504 604 1584 pollutionis,
634 1502 751 1563 etiamsi
778 1502 1046 1584 adsitgcommotio
1070 1503 1143 1583 spiri-

188 1613 203 1648 «
224 1599 322 1653 tuum.
339 1613 368 1671 ³³.

224 1689 346 1750 Certum
359 1694 404 1750 est
418 1695 518 1750 autem
535 1687 618 1769 quod
631 1689 813 1751 desiderium
828 1693 858 1751 et¹
872 1686 1005 1768 simplex
1020 1686 1143 1769 cogitatio

184 1776 302 1858 copulae
317 1776 424 1839 futurae
439 1777 500 1838 sint
508 1777 690 1857 conjugibus
712 1778 802 1854 licita,
819 1783 908 1857 prout
921 1777 1014 1838 etiam
1029 1775 1141 1856 simplex

185 1865 326 1945 cogitatio
336 1866 373 1927 de
381 1867 445 1944 jam
455 1865 556 1927 habita
566 1866 674 1946 copula
683 1867 796 1948 absque
808 1866 1008 1928 delectatione
1021 1866 1141 1928 venerea.

226 1974 295 2032 306.
319 1972 440 2046 Quaerit.
466 1976 508 2034 4⁰.
530 1973 587 2046 An,
604 1972 668 2033 viro
686 1992 719 2034 se
738 1972 907 2035 retrahente
922 1980 989 2054 post
1009 1973 1143 2054 propriam

185 2059 417 2122 seminationem
437 2061 490 2121 sed
504 2068 572 2122 ante
588 2061 722 2122 mulieris
736 2062 979 2131 seminationem,
1001 2065 1092 2142 possit
1102 2061 1143 2121 ista

187 2149 286 2210 statim
300 2149 428 2211 tactibus
443 2167 475 2210 sc
489 2150 618 2211 excitare
632 2150 825 2212 utseminetl

227 2250 316 2327 Hesp.
334 2247 521 2309 Sententiam
546 2253 708 2327 negantem
732 2266 750 2309 a
772 2246 954 2330 quibusdam
972 2248 1094 2329 quidem
1108 2252 1143 2306 tc·

188 2333 252 2396 neri
267 2357 274 2396 :
291 2335 485 2398 communius
500 2354 572 2397 vero
593 2336 759 2398 affirmatur
772 2336 831 2398 hoc
845 2355 910 2398 esse
924 2337 1042 2399 licitum
1050 2358 1060 2412 5
1076 2335 1141 2417 quia,

187 2423 241 2484 etsi
254 2443 358 2486 semen
372 2423 510 2485 mulieris
521 2443 581 2485 non
596 2426 634 2485 sit
649 2426 853 2487 necessarium
868 2425 906 2486 atl
920 2426 1142 2506 generationem,

113 2544 117 2552 ·
189 2531 249 2573 non
271 2519 316 2573 est
334 2520 434 2573 tamen
450 2512 505 2592 ipsi
523 2512 630 2574 inutile
645 2520 673 2574 et
695 2514 824 2594 pertinet
842 2512 879 2574 ad
900 2514 1143 2594 complementum

165 2606 272 2661 aetus
290 2601 472 2683 conjugalis,
497 2601 549 2680 qui
576 2601 605 2661 in
627 2603 827 2664 seminatione
853 2602 1011 2684 utriusque
1026 2600 1143 2680 conjugis

188 2689 337 2750 eurisistit.
362 2693 426 2750 lmo
451 2689 568 2751 mulieri
593 2691 777 2769 permittitur
800 2710 832 2753 se
850 2690 981 2752 excitare
1002 2698 1142 2752 antecon-

189 2795 329 2856 gressum
365 2796 426 2858 quo
460 2779 576 2838 facilius
601 2780 630 2863 in
659 2778 741 2840 coitu
768 2780 907 2840 seminet.
943 2780 1032 2840 Dicta
1061 2787 1142 2840 tamm

187 2866 281 2926 modo
299 2866 358 2927 dici
374 2877 540 2947 nequeunt,
558 2867 620 2927 rice
635 2885 731 2941 versa,
751 2865 789 2928 de
803 2868 878 2941 viro,
894 2867 943 2929 cui
960 2886 1021 2929 non
1036 2862 1141 2930 est‘lici-

157 3023 159 3028 .
189 2960 254 3014 tum
281 2972 313 3015 se
337 2957 467 3017 excitare
491 2955 527 3014 ad
548 2944 779 3016 seminationem
803 2962 964 3037 postquam
994 2956 1098 3018 mulier
1118 2968 1141 3011 sc

189 3043 312 3116 retraxit
340 3052 408 3124 post
434 3062 521 3105 suam
550 3044 702 3124 propriam
731 3045 873 3105 emissam
895 3047 963 3106 :sic
983 3046 1063 3105 eninr
1084 3059 1141 3104 con·

186 3134 275 3212 juges
305 3150 407 3193 revera
429 3151 490 3194 una
526 3151 596 3205 caro
627 3151 687 3192 non
713 3129 852 3206 fierent,'
870 3151 926 3193 neo
960 3133 1142 3213 compleretur

162 3244 164 3251 ’
190 3231 274 3282 actus
290 3220 475 3282 necessarius
490 3222 526 3281 ad
542 3222 780 3301 generationem,
798 3221 850 3282 sed
863 3222 987 3284 iteratus
1002 3229 1072 3285 tunc
1084 3236 1144 3281 con-

190 3329 310 3388 gressus
325 3310 498 3390 requiritur.

224 3509 246 3556 r.
264 3507 318 3560 rra.
330 3507 352 3568 a,
367 3508 455 3560 nonar.
