2362 4094
315 230 507 276 urssnnrarro
526 231 561 275 n¹
584 229 677 276 uarur
697 231 743 275 nr.
801 195 805 207 ’
961 217 1017 274 157

34 351 144 433 pratia
168 369 227 410 nou
247 348 332 411 laudet
354 349 473 430 culpam
489 369 499 410 .·
514 350 755 427 concupiscentiae
780 369 845 410 uero
869 350 1017 423 sedendo,

7 470 8 473 ¹
34 439 85 502 sed
100 452 203 501 tamea
218 457 284 499 eum
298 439 432 519 conjupe,
441 446 567 518 propter
579 439 668 519 fidem
690 439 760 512 tori,
774 438 917 500 venialem
933 440 1019 502 dubet

34 529 173 609 eulpam.
190 529 266 588 ltern
280 546 317 589 ex
330 528 361 588 S.
373 526 490 607 Thema
504 545 520 587 a
535 528 566 588 S.
578 528 701 607 liguor.
718 526 811 589 relato
825 530 847 585 ¹.

74 616 319 678 controvertitur
343 621 444 678 autern
459 615 605 678 ancoitus
618 615 656 677 sit
669 621 743 677 tunc
762 615 892 678 venialis
907 635 913 675 :
930 617 1017 694 milri,

36 705 142 786 inquit
157 707 188 766 S.
216 704 331 784 Liguor
353 709 376 779 ²,
400 706 516 767 arridet
528 705 708 767 sententie...
735 705 814 785 quod
838 706 928 766 cuitus
954 725 1018 765 eum

32 803 284 875 praeparauerat
306 801 401 875 potest
425 794 564 856 exemeri
576 812 596 856 u
610 795 698 875 eulpa
718 794 838 869 erudeli,
854 795 914 856 nisi
939 794 1019 856 adsit

30 882 208 964 perr'eulum
220 883 455 955 incontinentia,
467 883 514 944 vel
528 882 591 946 ulie
601 887 719 945 honeste
730 900 828 945 ceusu.

74 970 207 1033 Mortale
221 989 292 1033 vero
307 981 385 1032 esset
404 971 428 1032 si
441 970 558 1032 adesset
580 971 750 1052 periculum
774 971 907 1040 abortus,
931 978 1020 1053 prout

35 1060 159 1122 ratione
172 1065 264 1141 patet.
281 1056 393 1121 Dicunt
406 1062 468 1122 Dll.
485 1060 609 1141 quidarn
624 1059 688 1121 lore
710 1059 884 1137 hujusmodi
896 1061 1019 1140 pericu-

35 1148 194 1209 lnmcirea
204 1148 412 1228 conceptionis
420 1149 552 1218 initium,
563 1149 635 1229 quia
646 1154 732 1218 tuno,
744 1148 879 1208 nonduin
891 1148 1020 1210 formato

36 1236 113 1300 foetu
127 1284 138 1312 ,
154 1235 243 1300 facile
257 1254 363 1298 semen
377 1237 509 1318 dispergi
529 1243 631 1318 posset
652 1255 704 1316 per
720 1237 937 1298 reserationem
953 1256 1020 1298 rna-

37 1326 124 1387 triuis
139 1348 147 1402 3
165 1325 219 1389 sed
233 1325 284 1387 alii
305 1329 416 1406 negant
434 1327 564 1388 existere
584 1324 737 1387 ordinarie
757 1324 816 1386 hoc
837 1325 1018 1405 periculum,

37 1414 130 1494 quia,
156 1418 279 1494 recepto
306 1414 434 1490 semine,
464 1415 574 1476 matrix
596 1414 763 1477 arctissime
790 1414 1017 1494 constringitur,

38 1520 96 1564 nec
107 1502 263 1565 ordinarie
277 1521 330 1582 per
343 1504 457 1564 coitum
472 1510 631 1577 reseratur,
649 1501 1018 1583 utexperientia'eonstat.

38 1591 201 1654 Euanescit
227 1591 394 1671 praesertim
411 1592 579 1672 periculum
598 1597 737 1671 ternpore
749 1590 846 1670 partui
868 1591 1018 1670 proxirno,

38 1698 74 1740 eo
93 1680 181 1761 quod
195 1688 269 1742 tuoe
280 1679 369 1742 loetus
383 1681 423 1741 ita
441 1680 618 1743 secundinis
639 1680 799 1741 involvitur
816 1685 858 1752 ut,
883 1678 1021 1760 quamvis

41 1768 153 1829 matrix
175 1769 536 1851 aperiretur,nullatenus
553 1787 659 1831 semen
681 1768 785 1830 loetum
809 1776 908 1846 posset
929 1768 1021 1828 attin-

40 1874 125 1933 gere,
153 1854 209 1919 uec
232 1858 361 1938 proinde
379 1858 421 1919 illi
449 1858 570 1933 nocero,
594 1864 647 1920 aut
667 1857 767 1937 ipsunt
795 1856 952 1918 suffocare.
976 1856 1021 1915 ild

40 1947 247 2008 arnorenduur
271 1952 372 2008 tanren
387 1965 479 2008 ourne
499 1946 593 2026 prolis
606 1946 811 2008 suffocationis
838 1945 1018 2024 perieulum,

41 2030 110 2094 licet
120 2037 204 2097 coire
214 2043 290 2095 tnnc
302 2035 395 2095 ruodo
410 2035 583 2110 innaturali,
600 2043 632 2096 ut
645 2036 707 2112 iarn
720 2033 853 2094 diriurus
868 2034 961 2113 (276).

78 2135 151 2194 280.
177 2137 211 2193 2⁰
229 2133 275 2191 An
292 2140 422 2212 tempore
438 2132 609 2195 luctationis
632 2133 718 2193 liceat
744 2132 825 2190 coire
849 2137 894 2190 est
909 2131 1021 2209 pariter

40 2229 282 2282 controversum.
294 2255 331 2265 -
349 2221 405 2281 ttlii
420 2229 542 2300 negant,
552 2220 717 2300 praesertirrr
732 2220 771 2283 ol)
785 2237 852 2297 cap.
864 2221 931 2294 tiu,
944 2218 1018 2280 trist.

40 2310 70 2380 3,
87 2308 120 2369 in
135 2329 199 2389 quo
213 2310 386 2390 SsGregor.
402 2311 461 2370 ait:
475 2307 516 2369 ed
527 2311 589 2390 ejus
603 2328 670 2371 uero
684 2307 865 2368 concubitum
880 2307 929 2367 vir
940 2325 1020 2391 urce-

41 2394 107 2457 dere
119 2418 181 2458 non
196 2397 287 2474 dedet,
302 2418 449 2478 quousque
460 2399 515 2479 qui
527 2399 665 2478 pipnr'tur
687 2397 858 2458 obluctetur.
877 2395 963 2455 ilatio
976 2404 1021 2456 est
1058 2422 1060 2427 ¹

41 2485 112 2563 quia
126 2487 213 2547 adest
228 2487 397 2565 periculum
408 2488 433 2547 si
448 2505 525 2548 uxor
536 2487 698 2566 concipiat,
713 2485 795 2565 quod
811 2486 911 2563 proles
925 2483 1020 2572 detri-

43 2580 185 2636 utentum
219 2575 329 2636 exinde
363 2577 502 2655 patiatur.
543 2574 800 2636 Gornmunissinre
826 2580 927 2632 turrren
955 2574 1017 2632 llD.

42 2663 187 2738 praedicta
200 2664 231 2724 S.
249 2666 373 2742 Gregor.
391 2662 480 2724 verba
496 2663 608 2725 desolo
622 2661 750 2723 consilio
763 2662 996 2740 interpretantur
1011 2680 1018 2718 :

42 2750 124 2812 unde
139 2752 293 2813 affirmant
308 2752 421 2813 licitum
436 2771 502 2813 asse
527 2751 702 2831 hujusmodi
725 2749 935 2822 concubitum,
950 2748 1019 2828 quia

42 2841 158 2902 anulla
173 2844 241 2920 lege
255 2841 459 2910 interdicitur3
478 2850 506 2901 et
527 2842 597 2920 quia
614 2857 716 2900 rarum
731 2849 774 2900 est
791 2839 872 2918 rpuod
888 2838 934 2898 tao
949 2845 1021 2899 tunc

41 2923 208 3003 inliciatur,
225 2948 274 3003 eo
298 2945 396 3010 usque
419 2930 525 2991 saltem
550 2936 582 2990 at
606 2929 924 3006 teneantureonjuges
940 2933 1021 2986 tanto

43 3023 183 3098 tempore
211 3036 267 3078 usu
298 3018 433 3099 conjugii
464 3035 496 3078 se
522 3017 671 3079 abstinere
701 3035 771 3078 rura
796 3016 1021 3076 indrurtinentiae

42 3107 192 3166 contiuuo
207 3106 359 3186 perieulo;
384 3125 421 3167 eo
434 3124 507 3167 casu
524 3105 605 3167 idern
630 3105 748 3166 ridetur
772 3123 837 3165 esse
858 3104 1019 3163 dieondnrn
1059 3140 1062 3145 ι

42 3207 76 3253 ac
89 3194 130 3256 de
147 3193 346 3272 praecedenti;
364 3214 420 3256 nec
434 3194 546 3255 debent
560 3195 706 3273 conjuges
730 3194 770 3254 uti
789 3191 983 3252 niatrinronio
997 3193 1020 3250 si

43 3297 149 3343 revera
164 3281 202 3342 sit
216 3300 306 3361 graue
322 3284 490 3362 periculum
503 3283 578 3363 proli
591 3283 762 3344 notabiliter
778 3282 906 3342 nocendi
922 3283 951 3340 ³:
968 3281 1019 3341 sed

44 3367 103 3433 hoo
118 3389 182 3432 nou
193 3373 270 3432 solet
284 3370 460 3452 frequenter
474 3371 621 3433 accidere.

74 3573 97 3623 l.
117 3572 173 3624 Lib.
187 3574 210 3634 6,
224 3581 251 3622 n⁰
264 3573 319 3623 att.

74 3646 98 3695 2.
115 3645 175 3694 lairl.

75 3717 98 3768 3.
117 3717 145 3767 S.
164 3715 276 3782 Lignea,
289 3716 359 3778 trid,
373 3725 400 3766 n⁰
411 3715 466 3765 att.
