2384 4138
612 284 764 343 ''¹,⁸,·¹⁰‚⁰‚s
793 274 840 307 “⁸
863 302 872 319 α
895 302 903 318 ο

136 600 415 722 nauus
458 539 907 723 ranarum

316 1125 732 1213 PROOEMIUM

449 1322 607 1349 *OQ-

78 1487 107 1544 i.
133 1483 211 1544 Cum
234 1482 272 1543 ad
293 1501 417 1545 munus.
431 1482 606 1546 confessarii
632 1483 822 1566 implendum
847 1489 939 1550 tristis
961 1489 1011 1550 in-

39 1570 162 1632 cumbat
176 1572 338 1633 necessitas
357 1570 498 1633 studendi
511 1573 666 1646 venereis,
683 1592 773 1653 quse,
789 1581 821 1634 ut
847 1577 887 1636 ait
913 1579 944 1638 S.
965 1579 1012 1639 Li·

39 1676 125 1737 guor.
145 1659 212 1740 (tib.
235 1663 266 1735 3,
280 1671 314 1720 n⁰
328 1659 414 1742 413),
434 1670 504 1720 sunt
523 1660 707 1742 frequentior
719 1671 805 1742 otqne
817 1663 1007 1728 abundantior

39 1747 251 1828 confessionum
264 1750 403 1823 motoria,
417 1757 643 1830 propterquam
665 1751 760 1832 major
772 1751 941 1813 animorum
953 1774 1014 1814 nn-

38 1854 135 1898 merus
150 1837 186 1898 in
204 1836 357 1916 infernum
370 1836 534 1911 delabitur,
550 1837 656 1899 seduio
668 1846 738 1900 ante
749 1838 863 1913 omnia,
878 1859 949 1901 cum
964 1859 1016 1902 eo·

38 1922 108 1984 dem
119 1929 250 1993 Sancto,
266 1943 456 2005 praemonere
470 1923 618 1987 debemus
631 1925 783 1998 studiosos,
797 1928 852 2005 qni
865 1927 906 1987 od
912 1947 1017 1989 monos

36 2009 254 2074 audiendorum
267 2011 478 2092 'confratriarum
493 2031 523 2072 se
531 2023 655 2093 parunt,
672 2021 706 2074 ut
717 2033 786 2094 quae
795 2013 828 2074 de
838 2025 921 2076 secto
930 2036 1017 2097 pnr-

15 2111 139 2182 apto,
162 2100 200 2162 de
224 2101 406 2182 impotentia,
421 2100 459 2161 de
473 2099 568 2161 debito
581 2102 734 2182 conjuqoli
751 2107 803 2164 aut
823 2103 888 2163 aiiis
908 2104 1016 2166 dicturi

34 2206 159 2264 snmus,
176 2208 237 2250 non
252 2190 362 2270 loquat,
380 2189 441 2249 nisi
461 2208 527 2249 cnm
546 2189 661 2269 fuerint
680 2190 720 2250 od
732 2186 925 2270 'accipiendos
945 2211 1017 2253 con-

15 2276 179 2367 sessiones
194 2277 264 2358 jam
281 2278 430 2358 proximi,
452 2284 479 2338 et
501 2276 540 2337 od
552 2277 630 2339 iuno
655 2279 739 2338 unice
759 2279 847 2359 finem
872 2299 883 2338 .·
905 2299 1018 2341 omnem

15 2370 161 2453 {prorsus
176 2366 377 2426 curiositatem
389 2365 581 2446 objicientes,·
600 2375 686 2447 otqne
707 2368 739 2426 eo
764 2376 894 2446 ternpore
915 2370 1020 2444 sepius

15 2458 17 2529 ξ
31 2464 167 2516 mentem
177 2453 220 2515 od
228 2453 451 2526 Deumeleuent‚
461 2462 489 2514 et
501 2453 620 2533 Virqini
631 2454 833 2515 Immaculata
844 2474 873 2515 se
883 2474 1019 2516 commen·

15 2542 105 2653 [dent
120 2564 132 2605 .·
146 2564 198 2615 ne,
215 2541 283 2602 dnm
303 2541 431 2602 oliorum
449 2543 563 2601 animoa
576 2543 638 2603 Deo
650 2541 766 2602 student
781 2543 944 2622 acquirere,
961 2544 1020 2624 ipsi

17 2651 162 2717 ‘'snornm
176 2630 387 2692 detrimentum
396 2631 566 2710 potiuntur.

17 2724 25 2765 ν’
72 2726 106 2784 2.
132 2722 220 2782 Ante
233 2735 307 2799 ergo
329 2716 501 2799 hujusmodi
523 2719 717 2779 materiarum
732 2717 867 2779 studium
885 2736 1020 2798 congrue
1103 2728 1108 2733 '

15 2804 224 2887 imitabitur
236 2806 332 2868 oratio
348 2825 356 2866 :
376 2808 460 2866 «Per
474 2812 557 2867 tuam
574 2805 794 2866 sanctissimam
809 2806 1020 2886 Virginitatem

18 2894 55 2983 ’ῃ
73 2894 355 2960 etlmmacuiatam
363 2894 610 2973 Conceptionem,
622 2893 781 2974 purissima
791 2893 896 2974 Virgo,
907 2894 1021 2955 munda

23 3002 52 3103 ff
72 3000 261 3076 cormeum
275 2988 439 3043 stramem
451 2998 561 3042 aream.
580 2985 719 3043 Amen.»

73 3074 136 3135 Vel
164 3087 303 3151 sequens
331 3070 386 3132 ista
412 3089 420 3129 ε
451 3091 466 3127 α
490 3072 550 3132 Ure
573 3071 644 3148 igne
659 3070 760 3130 Sancti
784 3069 912 3149 Spiritus
934 3088 1023 3132 renes

51 3186 52 3189 ¹
72 3167 210 3226 nostros
225 3163 255 3220 et
274 3176 327 3219 cor
341 3164 490 3233 nostrum,
505 3158 634 3220 Domine
643 3178 652 3231 3
670 3165 703 3218 ut
725 3157 776 3217 tibi
797 3164 879 3218 casto
896 3176 1024 3238 corpore

24 3298 30 3325 ¹
72 3249 261 3314 serviamus
278 3253 308 3307 et
331 3245 446 3307 mundo
469 3245 558 3306 corde
577 3245 771 3326 placeamus,
798 3263 852 3325 per
873 3245 1023 3307 Christum

71 3334 399 3420 virginem,Virgiuis
409 3334 504 3395 tilium
515 3333 867 3417 etrirginumspoosum.
881 3336 990 3395 Amen.
1004 3354 1021 3392 n

56 3428 89 3494 el
109 3424 259 3504 denique
273 3422 458 3484 aiiasimitis.

70 3521 111 3582 ln
135 3522 208 3577 tres
229 3510 454 3571 dissertationes
472 3506 686 3570 distribuamus
704 3527 773 3589 quae
797 3526 903 3570 sumus
920 3508 1028 3569 dicturi

78 3625 120 3670 ca
136 3617 278 3667 venerea
297 3618 303 3658 :
321 3599 350 3659 in
367 3598 480 3678 primu,
496 3595 534 3658 de
552 3597 684 3658 castitate
698 3602 728 3658 et
744 3597 874 3675 peccatis
892 3597 949 3675 ipsi
970 3613 1028 3672 op-

950 3715 964 3763 1
