2362 4094
309 143 500 195 mssuararro
521 144 555 193 n.
580 142 672 194 orror
694 142 741 192 111.
951 133 1007 195 {65

39 279 136 332 tamen
143 271 229 349 juxta
240 272 271 332 S.
285 269 433 331 'thomam
446 271 568 329 tenetur
581 269 692 347 coniux
705 286 777 331 curn
793 268 911 349 teproso
922 269 1010 332 coha-

39 358 141 433 bitare,
164 360 235 440 quia
252 360 411 437 rnajus'cst
424 356 596 419 infectionis
617 358 789 438 periculum
805 376 840 418 ex
860 357 1010 438 frequenti

39 447 258 509 cohabitatione
271 465 364 525 quarn
378 465 414 507 ex
428 445 535 525 coitu).
551 446 773 526 Excipiendum
781 446 805 507 si
823 446 1010 510 medicorum
1108 455 1117 475 ⁰

36 536 147 612 judicio
174 536 253 596 adsit
284 529 363 596 tunc¹
386 534 518 595 notabite
549 533 722 597 infectionis
750 535 933 615 periculum,
958 543 1011 598 aut

39 625 221 703 impossibile
235 624 273 685 sit
282 623 403 704 conjugi
417 622 574 684 horrorem
589 642 732 704 superare
747 629 768 686 ¹.

77 715 255 780 Certumest
270 718 301 773 2⁰
312 713 475 792 conjugem
496 730 557 772 non
579 712 674 773 teneri
698 711 824 774 reddere
844 731 915 774 cum
930 712 1010 793 gravi

38 804 165 882 propriae
181 803 247 863 ritae
261 807 313 863 aut
327 801 462 862 sanitatis
487 799 632 881 periculo,
660 803 701 861 lta
727 802 931 873 connnuniter
946 807 1012 879 post

38 890 69 950 S.
94 893 246 953 Thornarn
260 894 282 951 ⁸.
306 892 372 951 Imo
387 909 443 950 nec
458 890 548 952 etiam
572 897 645 950 tunc
669 897 765 970 potest
778 889 915 963 reddere,
941 909 1011 951 curn

39 998 127 1040 nemo
145 980 183 1040 sit
204 979 348 1040 dominus
366 981 434 1040 vitta
449 996 523 1039 suae.
538 980 599 1038 Nec
620 978 712 1038 etiam
731 978 846 1039 licitum
872 985 917 1040 est
943 978 1010 1039 red·
1103 986 1105 989 ’

38 1067 108 1130 dere
120 1069 144 1130 si
158 1086 248 1148 grave
262 1068 409 1129 darianum
421 1067 532 1146 petenti
547 1065 732 1141 immineret,
743 1065 799 1128 nisi
810 1065 967 1128 timeretur
974 1067 1012 1127 atr

40 1156 130 1218 attero
146 1157 319 1236 proximum
334 1154 494 1218 occisionis
506 1155 686 1234 periculum.

79 1244 273 1327 Probabititur
289 1253 389 1305 tauron
406 1242 486 1305 licite
508 1243 632 1305 reddere
647 1248 744 1324 potest
762 1247 792 1304 t⁰
807 1243 830 1303 si
846 1243 884 1304 ad
895 1243 1012 1306 bonum

41 1351 202 1396 commune
216 1333 314 1412 protes
328 1333 367 1393 sit
382 1333 548 1394 necessaria
559 1353 567 1409 ;
577 1338 610 1393 2⁰
635 1336 659 1393 si
673 1332 704 1392 in
720 1331 866 1413 probabili
883 1332 1013 1395 inconti-

42 1423 148 1484 nentias
176 1421 311 1503 periente
325 1423 436 1500 coniux
462 1420 590 1483 iniectus
604 1421 745 1482 existeret
759 1441 766 1481 ε
782 1420 820 1481 ad
834 1419 892 1483 hoc
910 1429 1012 1484 tamen

40 1528 129 1572 sanus
146 1529 210 1576 non
225 1515 397 1584 teneretur,
412 1509 464 1571 sed
473 1508 502 1568 ar
517 1515 635 1571 tantum
650 1509 706 1589 ipsi
722 1509 824 1571 liceret
838 1530 845 1570 ε
859 1512 943 1591 quia,
959 1512 1012 1574 etsi

41 1598 130 1662 homo
153 1618 215 1660 nou
240 1599 276 1659 sit
299 1596 443 1659 dominus
468 1597 536 1658 vitae
555 1616 629 1672 suae,
652 1605 750 1679 potest
767 1603 870 1661 tamen
893 1607 1015 1679 propter

41 1688 213 1750 charitatem
247 1687 331 1748 ittam
361 1704 534 1765 exponere;
564 1690 596 1748 3⁰
621 1686 644 1747 si
670 1686 809 1748 redderet
834 1687 872 1749 ad
895 1688 1015 1749 vitanda

43 1793 149 1857 magna
164 1775 299 1852 dissidia,
312 1775 357 1836 ret
373 1775 410 1835 ad
425 1775 615 1854 conjugatem
628 1792 763 1836 amorem
775 1774 949 1849 fovendum,
964 1782 1016 1838 aut

41 1865 189 1926 vitandam
210 1866 364 1945 propriam
390 1863 660 1925 incontinentiam:
687 1874 749 1944 quo
772 1865 802 1925 iu
825 1883 897 1927 casu
913 1874 1014 1945 posset

42 1953 129 2014 eriam
155 1962 267 2035 petere.
284 1987 321 1999 -
336 1946 408 2014 Haec
432 1959 533 2013 tamen
552 1958 624 2014 sunt
638 1951 832 2032 intetttgenda
846 1953 870 2014 si
889 1953 1015 2016 morbus

42 2042 80 2101 sit
91 2043 253 2104 diuturnus
267 2046 297 2101 ot
310 2043 394 2122 quasi
405 2041 574 2107 taabiruatts,
590 2041 724 2123 uttaprm
741 2041 865 2103 morbus
876 2043 1014 2122 guttinus

41 2136 114 2205 etc.;
127 2139 157 2193 et
169 2131 208 2192 de
220 2131 280 2191 iltis
296 2149 357 2191 non
373 2130 411 2191 sit
424 2130 476 2210 qui
492 2137 620 2191 mortem
632 2129 672 2191 ‘de
686 2129 767 2191 brevi
783 2137 813 2191 et
825 2130 903 2192 taciti
919 2131 1016 2191 solent

42 2217 161 2294 inferre,
177 2227 209 2280 ut
225 2219 326 2298 pestis,
342 2217 425 2298 tepra
435 2217 577 2290 leonina3
592 2222 623 2278 4⁰
639 2217 663 2278 si
678 2217 789 2297 conjux
804 2236 896 2279 sanus
908 2220 1016 2280 mediis

42 2308 257 2386 praeservativis
276 2308 369 2387 possit
383 2307 475 2409 v'gare
490 2306 682 2385 contagionis
693 2306 874 2387 periculum.

80 2399 141 2458 Nec
153 2398 218 2478 ipse
233 2389 363 2457 intectus
386 2402 484 2476 potest
505 2395 638 2476 tegitime
653 2394 779 2458 reddere
794 2413 865 2458 cum
880 2395 1016 2476 pericuto

42 2484 143 2546 salutis
167 2484 290 2546 atterius
315 2484 383 2546 ticet
407 2483 463 2544 iste
491 2500 552 2543 non
579 2483 708 2564 ignoret.
744 2484 916 2564 Excipiendi
946 2490 1017 2546 sunt

41 2579 139 2634 tamen
152 2592 241 2634 casus
255 2571 345 2634 modo
360 2572 518 2633 memorati
531 2568 555 2632 ⁸.

80 2682 147 2741 295.
172 2681 239 2739 Non
250 2684 432 2739 excusatura
445 2677 546 2739 detrito
556 2676 711 2738 reddendo
724 2697 801 2740 uxor
812 2679 851 2740 ob
866 2678 1017 2742 ordinaria

43 2767 236 2844 granditatis,
266 2773 381 2846 partus,
400 2772 454 2827 aut
477 2766 650 2828 nutritionis
676 2766 882 2844 incommoda,
909 2769 1017 2830 necob

42 2854 158 2916 dotores
173 2854 355 2927 moderatos,
372 2854 425 2916 etsi
440 2854 611 2930 diuturnos,
628 2875 655 2916 v.
672 2875 702 2935 g.
730 2857 835 2936 capitis
850 2874 902 2936 per
916 2857 1017 2936 piures

43 2961 161 3005 menses
175 2949 242 3024 post
256 2949 387 3023 partum,
401 2962 457 3004 nec
471 2943 510 3003 ob
523 2943 682 3005 sanitatem
696 2945 911 3025 aliquantisper
927 2945 1015 3006 debi-

43 3033 156 3094 titatam
170 3054 180 3108 3
197 3033 259 3093 imo
290 3050 345 3094 nec
372 3032 412 3093 ob
438 3032 557 3094 dotores
587 3051 694 3112 graves
721 3032 845 3114 quidem
875 3034 927 3095 sed
955 3053 1016 3095 non

43 3121 201 3184 diuturnos
224 3120 321 3201 :quia
356 3119 421 3182 haec
457 3121 624 3182 conditioni
664 3122 849 3184 matrimonii
882 3123 1017 3184 suntad·

46 3212 156 3272 neiat
915 3214 918 3219 ’
962 3217 967 3225 “

29 3450 31 3455 ’
71 3435 94 3483 1.
113 3432 139 3483 S.
154 3431 266 3497 Lignea,
279 3429 322 3481 lib.
338 3431 362 3492 6,
377 3440 404 3480 n⁰
415 3430 470 3482 950.

70 3505 94 3555 Ξ,
112 3504 184 3569 Apud
197 3503 224 3553 S.
239 3502 352 3567 arguor,
366 3500 435 3558 triu,
448 3516 477 3557 n⁰
489 3503 544 3554 953.

70 3577 94 3626 3.
114 3575 140 3625 S.
154 3573 266 3639 lignun..
279 3573 339 3623 itte.

69 3651 93 3699 t.
113 3647 140 3697 P.
155 3646 228 3711 Gurg,
242 3644 385 3708 Comperit,
399 3651 416 3695 t.
430 3643 453 3707 i,
468 3649 496 3695 n⁰
505 3641 561 3708 9161
576 3649 611 3695 5⁰.
