2362 4094
305 211 550 272 nsmnnnlrto'u.
568 214 667 270 'carot
686 226 719 271 n.
942 202 999 272 tat

19 341 112 402 etiam
126 340 277 422 legendus
286 347 330 401 est
342 345 372 403 S.
388 341 548 421 augustin.
557 342 600 402 sio
609 340 724 402 habens
734 338 815 421 apud
825 340 996 401 Senehez¹:

20 431 115 491 omnir
129 430 251 491 curatio
261 449 327 509 pum
340 450 358 490 a
371 429 496 502 diuinis,
516 429 562 489 rtet
571 429 676 509 inopis,
687 428 735 489 vel
747 428 785 488 etr
797 429 878 508 ipsit
891 426 1001 489 dmmo-

20 512 153 579 nibua'in
169 516 459 578 idolorum'mtmra
473 519 634 598 expetitur,
663 534 740 576 more
761 519 858 597 potrus
878 515 1000 577 dicenda

20 615 59 666 est
69 626 161 687 quarm
178 608 258 676 oiim·
275 617 301 666 ot
315 607 368 686 qui
387 626 420 667 eo
432 612 587 681 sectantur,
600 606 628 665 ai
640 624 737 665 aenon
752 605 944 678 comesenim,
963 605 1003 665 ud

20 703 166 755 aeternam
178 693 379 776 perditionem
395 693 526 755 tendunt.
544 693 626 755 Idem
637 692 724 755 docet
737 695 770 753 S.
784 692 950 771 chrysost,
966 694 998 753 in
1020 768 1025 777 ι

19 782 154 861 Epistola
169 782 212 843 od
225 781 413 855 colossenses,
427 789 458 843 et
471 784 502 843 S.
530 784 601 858 Leo,
616 799 707 843 serm.
727 784 776 858 19,
795 781 837 842 De
861 780 1000 842 Passieno

23 870 152 932 Domini.
250 944 253 949 ῃ
669 894 673 903 ·
786 864 789 867 “

56 966 122 1029 Nee
136 967 230 1028 etiam
246 967 316 1028 lieet
327 984 403 1027 urana
422 966 507 1028 vanis
524 966 664 1044 rejicere,
685 964 834 1045 quidquid
857 966 997 1028 nonnulli

21 1052 122 1116 tlioant
134 1054 217 1135 apud
232 1055 376 1116 eumdem
393 1055 553 1117 Sunohez.¹
572 1072 579 1121 ;
599 1053 671 1132 etna
684 1052 791 1113 illicita
804 1061 875 1114 sunt
894 1053 999 1114 omnin

21 1143 219 1218 mediamna,
235 1161 292 1204 nee
307 1143 465 1215 natmalia,
479 1149 513 1204 ut
525 1148 595 1220 pote
604 1139 851 1220 superstitionem
863 1141 999 1202 redolen-

21 1230 69 1291 tia.
88 1232 231 1292 Admittit
244 1230 369 1311 quidem
384 1230 503 1292 Dalrius
516 1233 528 1265 ⁸
543 1229 633 1291 licere
647 1229 693 1289 his
706 1228 790 1289 vanis
804 1228 847 1290 uti
858 1228 895 1289 ad
910 1246 999 1310 expe-

21 1318 186 1382 rimentum
202 1319 388 1391 iaciendum,
402 1325 455 1379 aut
472 1320 496 1379 si
510 1317 685 1379 ‹tredemtur
698 1334 751 1396 per
764 1334 800 1377 ea
814 1315 998 1379 maleficium

21 1407 103 1478 solvi,
117 1425 182 1468 uon
192 1407 343 1468 demonis
351 1405 539 1486 operatione,
551 1403 603 1467 sed
614 1403 684 1483 quia
695 1405 821 1465 sciretur
827 1402 1000 1466 daemonem

21 1496 144 1572 paetum
158 1496 265 1556 iniisse
288 1513 359 1555 oum
376 1493 513 1554 maletieo
538 1511 606 1554 sea
630 1493 788 1553 vexatione
816 1492 996 1567 Mirtum,

22 1583 158 1645 exercitis
173 1583 234 1643 illis
261 1582 356 1643 vanis,
387 1582 446 1643 Sed
462 1581 519 1643 hoe
532 1579 671 1660 displicet
697 1580 863 1642 Sanehezio
875 1586 897 1654 ⁸,
913 1581 996 1662 quia,

22 1687 89 1731 oum
105 1671 156 1731 illa
171 1688 248 1731 vana
262 1668 349 1730 nulla
359 1671 468 1730 virtute
483 1667 612 1729 naturali
622 1667 660 1728 ad
677 1686 747 1728 eum
758 1667 899 1731 effectum
916 1689 997 1748 prae-

20 1756 78 1820 dita
91 1759 165 1831 sint
182 1775 247 1819 non
264 1765 372 1821 vacant
390 1756 614 1836 superstitione,
628 1763 657 1817 et
675 1756 789 1817 cedunt
804 1757 834 1819 iu
849 1757 998 1823 demonis

19 1842 178 1918 honorem,
194 1862 266 1906 oum
281 1844 310 1905 id
326 1845 364 1905 sit
377 1844 443 1921 ejus
458 1843 605 1905 voluntati
620 1843 795 1905 connivere

58 1956 75 1992 o
96 1936 161 1995 Nee
175 1939 301 1995 exousat
321 1933 452 2011 aeulpa,
469 1933 567 2011 pergit
579 1930 722 2000 Sanelrez,
740 1932 912 2019 aliquorum
925 1952 998 1996 rau·

23 2022 127 2094 «,tela
140 2021 193 2102 qui
211 2038 282 2082 eum
295 2021 418 2081 videant
440 2018 594 2080 mirobues
608 2019 735 2081 effeetus
747 2038 784 2081 ex
802 2022 892 2089 rebus
914 2021 997 2091 vanis

23 2119 85 2171 «et
97 2108 318 2190 superstitiosis
346 2108 574 2207 operationibus
592 2115 830 2187 consurgentes
845 2109 889 2170 eis
908 2117 997 2171 utan-

24 2217 38 2252 n
55 2204 105 2259 tur
117 2202 320 2278 protestantes
331 2197 467 2256 animum
483 2213 548 2256 esse
565 2213 626 2263 non
652 2195 757 2257 utendi
770 2195 830 2265 illis
848 2203 998 2277 quatenus

25 2303 39 2340 n
58 2303 106 2346 res
128 2301 214 2345 vnnae
226 2302 262 2351 ae
275 2283 491 2363 superstitiosae
505 2292 587 2353 sunt,
612 2302 667 2345 nee
681 2284 888 2364 consequendi
902 2285 996 2347 effee-

26 2391 39 2427 «
57 2377 135 2446 tum,
162 2372 188 2432 si
213 2370 364 2432 daemonis
386 2375 475 2449 paeto
493 2364 685 2447 obtineaton3
701 2371 868 2433 sedsolum
892 2374 996 2436 utendi

25 2479 39 2515 (ι
56 2462 210 2540 qunoenus
222 2467 348 2521 suntres
359 2458 459 2531 licite,
464 2467 499 2529 et
510 2459 635 2531 effeetus
649 2462 739 2521 alteo
747 2459 911 2523 obtinetur
920 2464 996 2527 Nam

26 2567 39 2601 n
58 2545 125 2610 haee
134 2545 251 2611 cautela
260 2546 431 2608 lonaeetet
440 2546 561 2625 prodest
571 2548 695 2627 quando
706 2546 893 2611 tlulnum
847 2555 893 2609 est
899 2564 937 2611 an
949 2551 996 2617 hae

27 2655 40 2688 o
58 2633 357 2703 observationessint
369 2634 586 2713 superstitiosae
596 2641 626 2697 et
641 2653 734 2697 vanae.
744 2657 809 2693 »-
823 2638 894 2699 Haee
906 2640 996 2701 verba

24 2720 175 2783 Sanehezii
190 2721 271 2784 serio
286 2728 358 2784 sunt
370 2720 565 2802 ponderanda
581 2723 654 2784 ab''
636 2742 673 2784 us
685 2725 738 2802 qui
755 2724 909 2786 hodiernis
923 2745 995 2807 ope·

24 2808 188 2871 rationibus
214 2809 405 2888 magnetismi
422 2817 452 2870 et
468 2810 619 2890 spiritismi
636 2821 698 2873 tam
717 2810 803 2875 iaoile
822 2833 855 2879 se
868 2815 994 2879 dedunt

58 2890 203 2977 Dignosei
216 2917 289 2959 tero
308 2904 405 2978 potest
418 2917 457 2958 an
474 2917 548 2958 vana
560 2899 619 2959 sint
634 2900 734 2961 media
749 2901 860 2980 quibus
879 2904 996 2966 rnalefi-

25 2982 100 3046 eium
130 2985 265 3051 aufertur
301 2985 406 3071 regula
431 2986 594 3067 sequenti:
611 2987 759 3069 quidquid
791 2982 917 3055 efficitur
944 3002 996 3056 aut

24 3068 130 3136 dieitur
145 3074 240 3154 gratia
253 3064 383 3155 alicujus
393 3073 463 3136 imni
474 3074 690 3139 olitiuendiaut
706 3076 777 3139 mali
791 3076 903 3140 vitandi
913 3082 995 3161 quod

26 3177 76 3223 nee
96 3161 159 3223 rim
187 3161 354 3228 naturalem
374 3180 431 3224 nee
457 3164 714 3242 supernaturalem
738 3165 829 3229 habet
849 3169 886 3229 ad
913 3168 996 3233 hune

25 3248 161 3314 ellectum
182 3250 418 3330 assequendum,
437 3250 495 3312 hoo
509 3269 621 3314 vanum
636 3258 680 3315 est
695 3259 723 3315 et
737 3250 887 3335 superstit
879 3275 993 3320 rosum:

58 3465 275 3530 lwltbtdisp„
287 3466 398 3528 95,an

54 3537 75 3586 Ξ.
93 3537 165 3600 liniti„
182 3549 209 3587 n⁰
225 3537 249 3586 Ξ

54 3606 75 3658 3
93 3607 159 3660 libr.
175 3606 198 3668 3,
214 3609 320 3673 liuenti
331 3611 429 3676 mepte„
442 3608 501 3669 ο.,Ξ
516 3610 578 3663 secti
592 3611 602 3661 l
608 3627 651 3679 ,q.
665 3613 689 3673 Ξ,
700 3619 746 3664 ote.

55 3678 164 3744 ttttt,
178 3679 241 3731 11⁰3.
