2378 4102
195 170 252 229 tto
513 178 549 226 ne
572 178 664 228 arans
683 177 837 226 manners.

233 300 283 362 Sic
294 307 394 362 autem
406 301 525 362 brevius
533 305 632 380 potest
644 296 773 377 exprimi
784 296 892 377 triplex
905 297 1008 378 regula
1021 297 1156 376 praelata:

197 411 212 445 «
235 393 264 448 t⁰
286 389 437 470 Quidquid
461 409 515 469 pro
536 395 581 450 est
614 388 748 460 licitum3
772 390 804 446 2⁰
824 386 974 467 quidquid
996 394 1102 448 contra
1121 390 1158 446 est

197 498 212 534 n
233 477 375 552 mortale3
391 482 423 539 3⁰
433 478 515 559 quod
529 485 574 539 est
588 481 696 558 praeter
706 492 767 535 non
778 474 854 535 solet
867 492 931 535 esse
942 475 1000 535 nisi
1011 475 1154 535 veniale.»

233 577 302 635 303.
327 577 451 646 Quaerit.
482 581 511 636 l⁰
542 578 586 634 dn
610 573 670 635 sint
692 571 834 632 mortales
856 577 953 633 tactus
979 580 1009 632 et
1031 577 1158 652 aspectus

194 670 297 742 turpes
317 663 393 723 inter
415 666 560 744 coniuges
579 664 602 723 si
624 668 747 743 propter
770 658 866 721 solam
887 660 1085 741 voluptatem,
1104 659 1157 721 sine

195 752 301 811 ordine
314 752 351 812 ad
364 753 517 832 copulam,
531 750 753 813 exerceantur?

234 850 324 929 Resp.
342 849 501 912 Affirxnare
515 853 545 911 S.
565 853 691 921 Antan„
707 848 858 928 Spalatum,
872 854 929 908 cto.
947 848 1002 908 etsi
1020 868 1081 909 non
1094 847 1158 909 adsit

195 937 365 1017 periculum
393 939 590 1017 pollutionis;
618 936 689 1017 quia
716 935 816 999 omnis
844 941 928 997 actus
955 954 1105 998 venereus
1127 933 1157 995 ad

196 1026 338 1107 copulam
359 1027 549 1106 conjugalem
566 1044 627 1086 non
647 1024 770 1098 relatus,
785 1030 829 1085 est
849 1023 996 1084 mortalia.
1018 1022 1156 1085 Sententia

197 1124 298 1175 tamen
317 1118 502 1187 communis,
517 1132 648 1194 qumque
671 1113 768 1173 verior
789 1130 807 1173 a
829 1113 859 1172 S.
875 1113 998 1190 lignor.
1016 1112 1155 1181 habetne,

185 1209 307 1282 tnegat3
324 1204 400 1264 ratio
414 1203 486 1281 quia
501 1209 595 1263 status
608 1201 788 1280 conjugalis,
802 1199 881 1262 sicut
891 1199 1068 1261 cohonestat
1081 1218 1157 1280 copu·

197 1291 276 1366 lam,
293 1293 374 1352 itaet
388 1290 561 1367 huiusmodi
576 1298 661 1352 actus
683 1296 711 1352 et
730 1298 889 1369 aspectus3
908 1308 1000 1367 porro
1015 1287 1158 1350 delectatio

197 1382 236 1444 in¹
256 1380 366 1459 copula
391 1397 452 1440 non
476 1378 593 1439 excedit
617 1377 747 1447 veniale3
765 1395 838 1456 ergo
862 1385 929 1438 eta
954 1377 1069 1439 fortiori
1091 1376 1157 1438 idem

197 1469 345 1554 excedere
366 1471 469 1546 nequit
494 1468 523 1528 in
544 1467 672 1528 tactibus
687 1473 716 1526 et
734 1467 916 1546 aspectibus.
935 1468 971 1525 m
986 1465 1044 1527 hoc
1056 1463 1156 1528 etiamsi

197 1555 305 1634 copula
325 1556 523 1635 impediretur
537 1555 576 1616 ob
599 1554 751 1625 morbum,
766 1563 815 1615 aut
831 1554 1042 1634 impotentiam
1062 1571 1157 1634 super-

199 1644 370 1704 venientem
388 1663 395 1702 :
412 1645 595 1724 supponitur
609 1642 690 1723 quod
707 1662 766 1702 nixu
790 1642 866 1702 adsit
886 1644 1058 1722 periculum
1074 1642 1158 1722 pollu-

200 1731 288 1792 tionis
300 1753 308 1806 ;
320 1750 408 1793 secus
423 1741 523 1793 autem
539 1740 618 1793 esset
630 1732 794 1791 dicendum
809 1731 833 1791 si
849 1731 960 1811 conjnx
975 1740 1053 1792 esset
1067 1731 1159 1810 ligatus

200 1828 268 1879 voto
291 1820 446 1893 castitatis⁷
462 1821 532 1899 quia
548 1819 606 1881 talc
622 1825 724 1881 votum
739 1818 874 1880 excludit
891 1837 1016 1880 omnem
1032 1819 1158 1898 volupta-

200 1914 260 1966 tem
276 1925 436 1967 veneream
446 1908 613 1969 voluntarie
626 1914 756 1988 captam.
769 1941 807 1952 —
822 1908 1060 1969 Controvertitur
1072 1915 1158 1966 nartem

200 2013 238 2055 an
267 1996 345 2056 idem
370 1997 410 2055 sit
432 1994 597 2057 dicendum
620 1995 658 2058 dc
681 2014 717 2057 co
738 1996 789 2075 qui
810 2014 826 2056 n
848 1997 956 2076 copula
976 1986 1159 2077 impediretur

202 2092 323 2163 propter
345 2083 520 2146 allinitatem
543 2085 588 2146 vel
614 2085 825 2164 cognationem
840 2084 1047 2165 spiritualem3
1065 2083 1113 2145 sed
1135 2084 1158 2142 in

201 2173 284 2252 praxi
304 2171 395 2233 debet
413 2190 445 2233 se
463 2173 626 2248 abstinere,
642 2173 682 2234 ob
698 2173 871 2251 proximum
884 2173 1054 2254 periculum
1073 2171 1159 2253 pollu-

201 2261 291 2321 tionis
303 2268 355 2322 aut
368 2260 520 2342 petitionis
531 2262 661 2341 copulae.

1174 2038 1176 2045 a

240 2352 316 2412 Casu
332 2369 393 2429 quo
408 2368 442 2410 ex
464 2348 510 2409 lris
528 2350 644 2411 actiltrus
667 2349 805 2429 turpibus
819 2348 1035 2429 praevideretur
1050 2346 1177 2441 pollutio⁴

200 2444 341 2500 secutura
362 2439 393 2498 in
411 2456 443 2499 se
465 2437 510 2499 vel
532 2438 563 2498 in
578 2438 683 2514 altero,
699 2438 806 2517 triplex
818 2443 864 2498 est
881 2437 1031 2498 sententia
1047 2459 1054 2496 :
1070 2436 1177 2498 Pn'ua⁴

200 2534 324 2588 excusat
337 2528 375 2588 ab
388 2526 472 2588 omni
488 2527 588 2607 culpa,
604 2527 695 2588 modo
709 2527 834 2606 pollutio
847 2545 906 2587 nnn
922 2525 1106 2600 intendatur,
1118 2540 1161 2585 nec

201 2615 278 2675 adsit
292 2616 464 2695 periculum
479 2615 506 2676 ei
523 2614 744 2687 consentiendi,
761 2620 813 2677 aut
827 2622 932 2694 agatur
950 2614 988 2675 de
1005 2621 1085 2676 tactu
1100 2612 1160 2674 adeo

204 2704 282 2783 turpi
292 2713 323 2765 ut
329 2704 481 2780 iudicetur
494 2703 633 2764 inchoata
644 2702 919 2784 pollutio.Secunda
929 2702 1089 2783 distinguit
1098 2703 1161 2762 inter

202 2799 286 2853 actus
295 2792 422 2872 pudicos
432 2801 460 2852 et
469 2792 639 2874 impudicos
652 2792 794 2871 :primos‚
806 2799 840 2853 ut
853 2794 957 2854 oscula
966 2801 998 2853 et
1007 2793 1159 2872 amplexus

202 2887 324 2940 excusat
351 2899 368 2941 a
400 2889 541 2960 peccat03
567 2880 717 2942 secundos
741 2898 812 2941 vero
833 2880 871 2942 de
894 2880 1014 2941 mortali
1041 2881 1159 2947 damnat,

203 2969 348 3046 quianon
363 2975 433 3030 sunt
448 2969 573 3030 instituti
587 2969 624 3030 ad
635 2968 798 3031 fovendum
813 2968 955 3032 affectum
970 2971 1158 3049 conjugatem.

207 3055 308 3116 Tertia
323 3064 436 3131 autem,
448 3056 503 3118 hos
513 3065 597 3119 actus
606 3065 640 3120 ut
654 3059 791 3119 mortalia
806 3058 934 3140 reputat,
946 3059 970 3119 si
979 3059 1160 3140 provideatur

172 3188 174 3191 -
204 3145 374 3224 periculum
408 3146 592 3226 pollutionis.
620 3149 651 3208 S.
681 3147 826 3227 Liguor.¹
855 3147 1041 3226 probabilius
1063 3144 1161 3224 judicat

203 3251 311 3294 ornnes
333 3242 417 3296 aetus
433 3243 538 3315 turpes
558 3254 624 3296 esse
645 3242 767 3316 peccata
784 3234 921 3296 mortalia
937 3246 997 3295 tana
1011 3237 1042 3295 in
1059 3237 1161 3313 petente

196 3316 296 3401 vquam
318 3322 349 3382 in
371 3323 526 3396 reddente,
550 3325 668 3404 quoties
690 3324 774 3385 adest
794 3323 978 3404 pollutionis
994 3324 1160 3405 pericnlum.

205 3410 261 3469 nisi
277 3410 443 3473 habeantur
455 3419 487 3472 ut
499 3414 644 3491 conjuges
654 3431 686 3473 se
700 3415 829 3474 excitent
840 3412 877 3473 ad
887 3414 1027 3491 copulam
1042 3409 1161 3491 proxime

237 3597 259 3646 l.
278 3597 331 3648 Lib.
350 3600 373 3658 t,
383 3611 410 3648 n⁰
421 3602 477 3652 933.

236 3666 259 3715 2.
277 3667 346 3727 laid..
360 3680 386 3717 n⁰
399 3671 456 3720 attt.
