2384 4138
168 179 204 235 ll
490 197 528 242 nu
548 197 816 248 aaausvattuams.

205 313 295 390 Resp.
323 315 434 375 nrultos
460 314 638 377 affirmative
663 315 785 390 sentire,
800 322 831 377 et
852 334 923 377 eum
946 317 990 377 eis
1018 319 1144 380 Billuart

166 397 224 476 (Oe
240 399 372 482 Temper.
388 401 466 483 disp.
483 407 513 477 5,
527 411 583 465 art.
595 403 628 484 2)
642 421 697 483 pro
710 411 793 466 certo
807 403 897 465 habet
915 422 1015 484 posse,
1031 424 1141 487 specu-

164 485 253 549 lative
264 490 384 563 saltem,
399 492 577 571 contingere
590 492 722 554 materiae
745 492 893 555 levitatem
917 493 947 554 in
964 492 1144 572 hujusmodi

164 574 375 639 delectatione.
404 579 490 652 Quia,
508 581 584 642 sicut
608 580 661 660 qui
688 580 773 642 audit
791 599 897 643 vocem
926 583 1143 656 sonoram,vel

165 671 263 744 gustat
276 667 380 728 cibum
394 668 546 748 sapidum,
562 669 685 748 praecise
700 676 822 749 propter
841 668 1073 732 delectationem
1096 691 1146 733 or-

168 754 323 834 ganicam,
341 774 402 816 non
428 764 540 837 peccat¹
555 758 612 818 uisi
637 757 802 831 venialiter,
818 757 858 818 ita
883 759 995 839 pariter
1020 761 1144 821 nonnisi

117 869 119 873 ¹
166 843 321 904 venialiter
344 863 468 924 peccare
482 845 572 907 debet
591 846 643 927 qui
656 846 760 927 aspicit
785 845 943 927 pulchram
964 846 1143 922 mulierem,

164 937 217 993 aut
228 932 323 1012 tangit
337 934 401 1010 ejus
416 952 543 996 manum
557 936 603 996 vet
618 934 737 1010 taciem,
752 934 792 997 ob
803 934 898 996 solam
911 934 1146 997 delectationem

166 1037 249 1081 mere
262 1021 435 1102 organicam
444 1043 453 1097 3
470 1021 553 1083 addit
565 1029 667 1084 tamen
685 1041 693 1083 t
713 1022 842 1097 «Quiaa
857 1022 1058 1086 delectatione
1070 1042 1148 1086 sen-

166 1109 241 1168 suali
264 1109 301 1169 ad
328 1128 500 1185 veneream,
524 1111 656 1172 maxime
681 1110 827 1173 insensu
852 1117 949 1173 tactus
969 1119 1020 1173 aut
1042 1112 1146 1188 visus,

165 1195 261 1258 facilis
275 1204 319 1258 est
333 1216 521 1279 progressus,
534 1197 710 1263 consultum
735 1205 780 1260 est
805 1198 949 1261 omnibus
974 1199 1145 1262 castitatem

165 1285 338 1347 amantibus
356 1285 403 1346 his
427 1285 678 1348 delectationibus
690 1286 841 1367 organicis
857 1305 917 1347 non
933 1286 1101 1349 immorari.
1128 1314 1144 1349 o

205 1374 259 1434 Est
274 1373 470 1436 nihilominus
484 1375 542 1436 alia
556 1376 703 1437 sententia
728 1393 862 1457 negans,
885 1393 977 1456 quam
991 1374 1022 1438 S.
1038 1375 1146 1457 ligor.

169 1461 412 1542 (ithamaro)
440 1463 568 1524 omnino
587 1462 751 1525 tenendam
778 1469 879 1544 putat,
895 1482 932 1525 eo
953 1463 1036 1543 quod
1061 1464 1150 1545 prior

166 1550 312 1610 sententia
340 1569 402 1612 non
427 1551 484 1631 ipsi
499 1551 634 1613 videatur
648 1551 779 1632 practice
794 1550 969 1631 probabilis,
989 1552 1090 1632 «quia
1103 1554 1149 1614 ob

170 1645 377 1719 «corruptam
401 1648 539 1700 naturam
572 1646 618 1701 est
642 1639 795 1702 moraliter
821 1639 1006 1720 impossibile
1032 1640 1149 1704 habere

170 1748 185 1784 a
206 1727 288 1788 illam
317 1727 483 1789 naturalem
511 1727 742 1790 delectationem
757 1730 851 1805 (urere
864 1727 1051 1807 organicam)
1066 1729 1147 1810 quin

170 1838 185 1874 a
206 1815 365 1878 delectatio
378 1815 507 1878 carnalis
530 1824 559 1879 et
572 1834 701 1878 venerea
719 1815 877 1893 sentiatur,
892 1815 1022 1878 inanime
1036 1834 1054 1876 a
1068 1835 1146 1896 per-

170 1925 185 1962 «
206 1904 288 1965 sonis
303 1905 340 1965 ad
353 1904 496 1986 copulam
506 1905 593 1985 aptis,
604 1912 633 1967 et
643 1904 774 1966 maxime
785 1905 809 1966 si
822 1913 906 1966 actus
918 1904 964 1965 isti
975 1903 1148 1969 habeantur

168 2011 277 2055 «cum
303 1992 405 2074 aliquo
421 1992 530 2055 ati'ectu
553 1999 583 2054 et
605 2011 691 2054 mora
716 2015 747 2068 a.
771 1993 804 2054 ld
828 1999 945 2056 tantum
971 1991 1149 2057 admitteret

166 2088 289 2143 sanctus
301 2082 448 2142 auctario
463 2081 565 2162 aliquo
584 2095 749 2157 casuram,
764 2100 826 2162 quo
841 2098 894 2161 per
905 2081 1030 2160 longam
1044 2099 1147 2162 expe-

167 2169 306 2231 rientiam
330 2169 399 2250 quis
422 2177 500 2231 esset
526 2169 679 2230 nroraliter
701 2174 801 2232 certus
828 2168 946 2231 nullum
972 2167 1148 2248 periculum

166 2276 335 2320 consensus
359 2257 416 2338 ipsi
440 2257 600 2319 imminere
608 2278 618 2332 3
646 2257 710 2326 sed,
736 2257 845 2338 inquit,
861 2255 910 2317 bic
929 2258 1149 2337 cesosquande

166 2348 249 2409 erit?
260 2349 348 2408 Notat
359 2347 483 2427 insuper
494 2345 575 2408 aliud
589 2364 656 2408 csse
674 2364 764 2426 agere
776 2351 900 2427 propter
909 2343 1148 2410 delectationem

166 2436 352 2511 sensibilem,
367 2434 449 2496 aliud
470 2452 541 2495 cum
554 2434 604 2497 tali
618 2434 815 2498 delectatione
835 2454 843 2494 ι
860 2434 892 2495 in
906 2451 968 2514 quo
989 2433 1069 2496 bene
1085 2455 1149 2516 po-

167 2531 224 2588 test
243 2525 307 2587 dari
336 2523 465 2604 parvitas
488 2524 632 2598 materiae,
646 2522 740 2584 modo
753 2541 815 2584 non
841 2521 959 2584 sistatur
973 2522 1004 2583 in
1026 2541 1071 2594 ea,
1089 2526 1148 2588 sed

166 2614 330 2676 detestetur
345 2614 375 2674 in
389 2617 492 2683 tactu;
514 2612 589 2673 alias
603 2630 663 2673 non
678 2611 777 2674 solum
791 2628 863 2673 cam
877 2609 1075 2672 delectatione
1089 2614 1148 2675 sed

166 2702 256 2766 etiam
270 2709 409 2783 ageretur
426 2707 548 2783 propter
565 2699 812 2774 delectationem,
823 2697 902 2780 quod
912 2718 970 2759 non
978 2707 1077 2780 potest
1086 2719 1151 2765 esse

166 2792 328 2874 sejunctum
354 2811 372 2853 a
395 2790 534 2874 periculo
563 2787 715 2850 abcidmdi
746 2789 779 2850 tn
803 2786 1026 2850 delectationem
1057 2806 1150 2851 veae-

167 2901 258 2948 reum.

586 3021 672 3107 aar.
697 3023 731 3082 u.

390 3188 427 3233 DE
446 3187 583 3235 arctaris
602 3187 738 3234 LUXURIAE
760 3185 790 3232 m
810 3185 919 3233 SPECIE.

207 3325 257 3383 38.
281 3323 460 3385 Dividuntur
479 3324 508 3384 in
521 3328 640 3403 peccata
653 3320 780 3382 luxuriae
792 3325 1010 3381 consummatae
1023 3325 1053 3379 et
1070 3336 1147 3398 pec-

167 3416 233 3471 cata
244 3409 372 3475 luxuriae
382 3432 443 3474 non
456 3416 673 3474 consummatae
686 3431 692 3470 :
709 3409 1148 3470 luxuriaveroconsummatur

169 3517 222 3579 per
235 3498 415 3562 effusionem
436 3500 560 3562 seminis
568 3520 578 3574 3
594 3517 684 3580 porro
695 3515 799 3559 semen
815 3505 861 3558 est
881 3495 991 3557 humor
1009 3495 1157 3558 viscosus⁴

168 3587 205 3648 ad
222 3588 448 3666 garrerationem
462 3594 519 3650 ets
541 3587 615 3650 eciei
636 3586 897 3648 conservationem
921 3584 959 3645 ab
974 3583 1039 3662 ipso
1052 3584 1147 3647 Crea-

167 3681 232 3738 toro
260 3675 424 3741 destinatus
441 3697 448 3738 t
465 3608 546 3759 und}
570 3675 766 3739 essentialiter
788 3672 886 3736 differt
909 3674 947 3734 ab
973 3674 1147 3754 urinaeque
