2362 4094
450 167 543 216 caaur
563 169 596 214 u.
954 154 1011 216 l29

34 285 142 350 leviter
155 293 276 349 tantum
292 307 301 363 ;
319 285 448 366 graviter
462 304 533 348 vero
545 285 696 349 ordinarie
720 284 915 366 delinquunt,
927 288 1012 363 juxta

35 376 98 437 bb.
115 375 246 438 Boutier
271 382 300 437 et
315 374 484 450 ltnusselot‚
496 377 547 456 qui
565 393 602 435 ex
617 373 751 455 professo
765 373 861 436 larvas
874 381 903 436 ct
916 382 1012 437 vestes

33 466 164 526 alterius
177 482 267 525 sexus
282 482 336 544 pro
351 463 585 525 bacchanalibus
598 462 775 536 conficiunt,
788 462 935 538 vertdunt,
960 471 1013 525 aut

35 550 143 614 locant
158 573 164 613 :
181 551 269 612 nobis
281 557 383 613 tamon
398 558 556 632 peccatum
570 551 697 613 mortale
711 569 774 614 non
793 551 921 629 videtur,
934 570 1011 614 eon-

36 640 141 714 ficere,
156 639 298 711 vendere,
320 640 411 701 etiam
426 659 463 702 ex
484 639 629 721 professo,
647 640 743 702 larvas
765 639 920 718 duntaxat,
941 658 1012 704 curn

35 728 80 793 uti
94 729 190 790 larvis
203 726 242 789 de
256 747 289 789 se
302 724 437 790 videatur
451 734 571 790 butum
585 728 701 789 reniale
712 736 881 809 peecatum.

75 821 150 880 233.
173 822 206 879 6ο
221 815 325 891 Quoad
340 816 484 879 mulieres
499 816 592 878 ubera
619 816 699 878 nuda
725 817 935 891 ostendentes,
961 820 1013 881 aut

37 906 163 967 nonnisi
178 905 329 967 levissimo
344 904 492 975 uelamine
505 911 650 983 tegentes.
670 923 729 966 non
743 909 833 984 negat
845 904 876 967 S.
888 907 1009 987 Liguor.

36 993 106 1056 illas
119 1013 191 1075 quae
202 993 285 1054 hunc
299 1011 416 1055 morem
427 993 535 1054 alicubi
552 994 787 1067 introducerent,
799 994 927 1073 graviter
937 1013 1011 1074 pec·
1064 1058 1067 1064 Δ

37 1100 127 1167 care3
144 1083 208 1143 irno
226 1082 331 1144 asserit
352 1081 589 1147 denudationem
610 1083 740 1163 pectoris
768 1082 808 1142 ita
835 1099 923 1159 posse
946 1101 1012 1145 assa

37 1169 271 1233 immoderatam
293 1177 357 1231 uta
374 1170 456 1249 gravi
483 1164 626 1232 sc'audalo
640 1176 769 1251 nequeat
790 1170 938 1231 excusari.
953 1171 1010 1233 Sed

37 1258 61 1318 si
85 1277 151 1320 uon
175 1259 213 1320 sit
231 1258 307 1320 adeo
326 1257 500 1330 immodica,
522 1267 552 1320 et
570 1259 680 1320 alieubi
706 1258 802 1337 vigeat
823 1260 1012 1321 consuetudo

38 1345 138 1408 taliter
162 1345 333 1419 incedendi,
349 1346 413 1406 baec
427 1347 564 1426 quidem,
574 1347 659 1427 juxta
674 1347 786 1427 ipsum,
806 1351 885 1406 esset
898 1364 1010 1427 expro-

40 1433 153 1508 banda,
168 1445 199 1497 et
212 1441 361 1515 quantum
386 1435 449 1495 lieri
466 1441 566 1515 posset
587 1434 775 1515 extirpanda,
800 1453 862 1495 non
885 1438 1011 1498 omnino

37 1529 142 1585 tamen
161 1522 333 1585 brunanda
349 1524 385 1583 de
401 1524 482 1602 gravi
497 1524 610 1603 culpa:
638 1524 709 1605 quia
729 1522 930 1597 cousuetudo,
955 1526 1009 1585 etsi

38 1629 98 1673 nou
114 1612 168 1674 det
178 1614 230 1688 jus
243 1611 281 1674 ad
305 1612 382 1673 male
396 1612 561 1691 agendum,
579 1611 648 1674 iacit
662 1620 761 1674 tamen
784 1618 817 1672 ut
840 1629 857 1671 a
871 1610 923 1672 tali
935 1612 1010 1693 ‚visu

37 1700 90 1761 viri
108 1702 212 1762 urinas
226 1700 263 1762 ad
276 1700 554 1781 concupiscentiam
577 1707 837 1772 cotnnroveautun
853 1708 944 1781 prout
957 1718 1011 1762 ex-

39 1789 184 1865 perientia
198 1787 268 1848 satis
280 1794 472 1868 compertum
487 1794 542 1848 est.
784 1805 786 1809 ·

75 1877 220 1939 Mulieres
243 1882 344 1937 autom
364 1894 432 1956 quaa
455 1880 550 1937 restes
577 1876 617 1935 ita
635 1877 812 1937 constrictas
838 1883 954 1957 gestant
977 1886 1011 1940 ut

37 1962 134 2028 forma
154 1965 285 2045 pectoris
300 1965 388 2045 plane
402 1970 554 2045 appareat,
570 1965 633 2024 iuro
647 1971 676 2025 et
700 1964 758 2025 illae
773 1983 841 2044 quae
855 1965 940 2027 lictas
953 1966 1009 2029 sibi

38 2058 191 2134 turgentes
204 2051 318 2113 addunt
331 2070 492 2126 inanituas,
515 2052 636 2114 nonnisi
661 2052 817 2114 venialiter
832 2061 970 2132 peccaut,
984 2057 1007 2116 si

37 2139 66 2201 id
78 2142 192 2204 iaciant
205 2159 242 2201 ex
263 2140 394 2202 vanitate
407 2141 520 2215 solum,
538 2140 662 2202 seclusis
677 2140 811 2222 periculo
827 2141 960 2205 libidinis
980 2151 1010 2205 at

37 2230 189 2292 scandalo.
206 2231 241 2290 V.
256 2229 413 2291 Rousselot
428 2234 450 2287 ¹.

74 2323 146 2381 234.
169 2320 226 2380 Hic
242 2317 331 2379 nobis
352 2326 561 2398 opportunum
585 2316 704 2380 videtur
717 2317 866 2397 subjicere
888 2320 1010 2400 sapien-

38 2407 166 2469 tissimas
180 2409 216 2467 D.
243 2409 279 2468 N.
294 2406 336 2467 Pii
352 2408 390 2466 lX
405 2405 661 2469 considerationes
680 2407 761 2469 circa
783 2413 922 2470 ornatum
939 2427 1010 2471 mu·

39 2493 158 2570 lterum,
174 2501 333 2556 contentas
348 2495 378 2554 in
394 2495 527 2574 Epistola
540 2495 577 2555 ad
593 2498 628 2556 D.
653 2495 777 2556 Mariam
789 2494 830 2564 de
847 2497 1007 2571 (teutones,

38 2600 103 2662 quae
117 2584 270 2663 optirnum
282 2582 320 2644 de
335 2583 392 2645 bac
403 2583 525 2643 materia
543 2582 656 2645 librum
671 2582 827 2645 ediderat:
1038 2604 1041 2609 ⁴

78 2696 93 2731 n
113 2673 193 2733 G'est
219 2672 260 2732 lui
274 2672 312 2749 (le
326 2671 395 2732 lux'e
408 2670 484 2731 dans
500 2672 527 2732 la
551 2671 637 2753 mise)
652 2673 716 2753 qui,
730 2690 784 2752 par
799 2673 842 2735 les
856 2673 939 2735 soins
960 2694 1020 2737 ra·-

41 2782 53 2815 a
73 2760 218 2839 eborones
245 2760 287 2821 du
316 2778 406 2840 corps
431 2769 460 2820 et
484 2760 522 2821 dc
545 2761 572 2820 la
599 2761 778 2836 cherelure,
805 2763 888 2824 solus
914 2764 1008 2844 qu'on

41 2870 53 2902 n
74 2846 251 2910 reneuvelle
286 2850 387 2908 ruente
422 2847 573 2927 plusieurs
607 2848 664 2909 lois
688 2849 716 2910 le
747 2849 841 2930 j0ur2
881 2852 1009 2915 absorbe

41 2958 55 2991 n
75 2937 101 2998 le
113 2945 213 3016 temps
224 2937 317 3016 qu'ou
332 2934 445 2999 devrait
457 2953 617 2997 consacrer
631 2955 691 2998 aux
704 2957 822 3001 oeuvres
836 2939 874 3002 de
887 2941 965 3020 pie'te
980 2949 1010 3003 et

41 3047 53 3079 u
73 3023 110 3087 de
124 3024 251 3099 charite,
271 3030 300 3084 et
322 3043 382 3084 aux
399 3022 519 3084 devoirs
541 3024 580 3085 de
601 3024 628 3085 la
643 3025 776 3104 iamille3
797 3028 870 3089 c’est
892 3029 932 3091 lui
955 3033 1006 3111 qui

42 3135 54 3166 u
75 3130 229 3197 proraque
244 3131 304 3172 aux
319 3112 464 3173 reunions
479 3112 644 3188 brillantea
660 3132 718 3175 aux
733 3117 934 3195 promenades
947 3136 1008 3199 pu-

41 3222 53 3254 «
72 3200 192 3281 bliques
206 3206 236 3281 et
249 3218 306 3260 aux
322 3200 505 3278 spectacles3
520 3200 593 3262 c’est
606 3200 645 3262 lui
659 3204 711 3282 qui
726 3205 861 3285 apprend
876 3208 1009 3269 bcourir

41 3311 53 3343 «
72 3290 110 3350 de
126 3288 241 3349 maisou
252 3304 291 3348 en
303 3288 431 3362 maison,
447 3305 518 3349 sous
527 3290 658 3370 pretexte
670 3289 707 3350 de
717 3291 859 3353 devoirsa
871 3297 1005 3376 remplir‚

10 3412 15 3416 „
40 3398 53 3431 u
72 3386 100 3439 et
115 3380 131 3438 a
145 3377 190 3457 s’y
203 3376 316 3438 livrerla
326 3376 478 3448 l'oisirete,
491 3379 508 3437 a
519 3377 545 3438 la
554 3378 1007 3453 curiosite,auxconversations

41 3488 54 3521 a
73 3465 262 3528 indiscretos.

65 3654 86 3704 l.
104 3655 133 3704 in
144 3657 252 3711 sentiam,
264 3667 286 3700 c.
302 3652 324 3709 t,
337 3659 382 3699 art.
396 3652 419 3699 ⁹2.
