2378 4102
292 179 480 225 nisssurnrro
499 181 534 225 u.
558 178 651 224 maur
672 179 717 223 m.
937 165 991 224 t'tl

27 302 204 372 secuturam,
221 298 338 358 tametsi
363 316 416 376 per
438 299 579 360 accidens
601 297 729 378 pollutio
751 299 894 379 copulam
917 318 995 380 prae-

8 382 10 471 i
27 386 136 463 veniat3
152 386 233 448 idern
251 387 342 446 sentit
355 387 393 448 de
408 388 524 449 actibus
540 388 660 468 pudicis
676 390 706 448 in
726 389 883 470 hypothesi
907 390 994 462 iacta,

8 474 10 555 l
27 473 50 533 si
63 473 226 536 habeantur
241 475 282 536 oh
296 474 391 536 solam
418 477 603 557 voluptatem
617 476 663 538 vel
678 477 717 537 ob
735 477 831 539 levem
852 496 994 549 causam;

27 580 119 641 secus,
133 564 157 625 si
172 565 211 624 ob
225 582 360 644 gravem,
377 573 447 643 puta
458 565 482 626 si
494 566 571 626 adsit
585 584 698 645 urgens
713 585 803 629 cansa
818 566 995 628 ostendendi

8 712 10 715 ,
27 650 163 714 affectum
177 653 215 713 ad
232 671 354 732 pravam
370 653 574 734 suspicionem
596 654 634 715 ab
654 655 747 716 altero
768 655 995 716 removendam.

9 739 274 821 '-lmprohabile
298 748 399 802 tamen
425 761 486 804 non
509 749 556 805 est
576 746 725 804 sententia
749 762 998 822 asserensposse

8 830 154 908 'permitti
181 829 297 910 passive
320 835 417 891 tactus
444 831 535 891 etiam
565 831 746 911 impudicos,
762 833 900 912 quatrivis
923 831 1000 892 adsit

8 916 10 967 ἶ
25 917 191 997 periculum
205 916 395 997 pollutionis,
412 919 469 979 nisi
485 920 559 979 tales
574 919 635 980 sint
648 927 681 981 ut
692 918 849 981 videantur
862 920 1000 980 inclinata

8 1005 158 1087 pollutio,
175 1007 215 1067 ob
234 1005 383 1067 rationem
405 1008 487 1087 quod
508 1018 581 1069 tunc
602 1007 692 1087 culpa
715 1026 747 1069 se
770 1014 852 1068 tenet
865 1027 900 1068 ex
916 1016 1000 1089 parte

26 1113 171 1173 personae.

65 1184 124 1245 Etsi
147 1184 272 1264 qnidam
292 1186 511 1263 contradicant,
527 1185 627 1247 verius
643 1192 688 1246 est
710 1203 776 1245 esse
796 1183 922 1246 mortale
943 1204 1000 1265 pu-

29 1271 122 1334 denda
134 1273 297 1335 immittere
309 1274 340 1334 in
355 1293 390 1334 os
403 1274 521 1347 uxoris3
536 1273 655 1353 hocque
667 1273 782 1334 crimen
796 1273 833 1334 ah
849 1273 1001 1353 aliquibus

30 1365 150 1420 vocatur
164 1360 336 1421 irrnmntio
355 1361 430 1421 Vide
444 1379 536 1441 supra
550 1360 646 1441 (183).

66 1450 133 1510 aut.
157 1446 278 1518 Quaerit.
294 1454 328 1510 2⁰
344 1453 389 1509 An
413 1449 581 1510 mortaliter
602 1455 706 1530 peccet
723 1450 836 1527 conjux
864 1449 999 1528 turpiter,

29 1538 163 1609 seorsim,
191 1537 285 1605 altero
311 1536 451 1612 absente,
477 1557 509 1600 se
532 1547 660 1617 tangens
686 1537 806 1598 secluso
826 1536 1002 1617 pollutionis

31 1624 188 1703 periculo‘.l

65 1716 154 1793 Resp.
172 1717 261 1776 Juxta
275 1715 378 1795 plures
396 1724 547 1789 auctores,
562 1716 646 1777 hunc
659 1710 826 1795 conjugem
837 1715 1002 1776 mortaliter

30 1820 87 1862 non
111 1821 248 1882 peccare,
265 1805 336 1883 quia
356 1803 531 1882 hujusmodi
553 1810 637 1866 actus
661 1802 908 1864 cohonestantur
922 1808 1000 1864 statu

31 1890 222 1960 matrimonii,
245 1909 314 1952 cum
337 1909 374 1951 ex
396 1899 503 1952 natura
521 1911 575 1952 sua
588 1892 626 1953 ad
641 1893 781 1972 copulam
797 1891 1000 1951 ordinentur:

30 1978 109 2039 unde
132 1979 249 2040 secluso
273 1980 450 2060 pollutionis
474 1981 609 2059 periculo
633 1999 693 2040 non
709 1986 835 2060 possunt
853 1998 918 2039 esse
933 1999 1001 2057 gra-

29 2066 102 2128 viter
116 2067 221 2131 illiciti.
241 2068 306 2129 Alia
320 2074 422 2129 tauien
442 2077 488 2128 est
500 2072 648 2129 sententia
662 2086 754 2149 quam
771 2067 1001 2147 prolmhiliorem

29 2161 54 2214 et
66 2156 96 2214 in
111 2156 197 2236 praxi
209 2156 336 2217 omnino
350 2157 536 2217 suadendam
550 2167 633 2217 vocat
648 2159 679 2217 S.
697 2158 818 2235 liguor.
833 2162 858 2228 ¹3
878 2156 1002 2236 haecque

28 2243 153 2304 affirmat
166 2245 281 2306 dictum
294 2246 457 2324 coniugem
474 2245 621 2306 lethaliter
633 2263 756 2324 [taceare
770 2265 775 2302 :
793 2244 867 2303 ratio
878 2255 922 2304 est
933 2246 1002 2321 quia

30 2333 173 2413 conjuges
193 2353 254 2394 uon
269 2333 443 2411 habentius
465 2353 517 2413 per
536 2353 568 2395 se
588 2337 617 2394 iu
634 2333 791 2413 proprium
814 2351 934 2412 corpus,
951 2333 1001 2392 sed

29 2429 143 2482 tantum
161 2429 192 2481 ut
214 2423 330 2501 possint
344 2440 376 2482 se
389 2422 551 2502 disponere
567 2422 604 2482 ad
623 2421 780 2500 copulan13
798 2419 890 2492 unde,
910 2420 1003 2480 altero

32 2510 163 2582 ahsente,
189 2510 261 2590 ipsis
276 2528 338 2571 non
365 2510 435 2571 licet
458 2529 490 2572 se
513 2511 640 2591 turpiter
663 2516 788 2588 tangere
814 2528 820 2567 :
847 2526 883 2568 eo
909 2509 1004 2589 magis
1077 2587 1080 2594 Ι

31 2599 108 2678 quod
124 2599 298 2677 hujusmodi
314 2604 410 2660 tactus
430 2599 659 2680 conjunguntur
680 2616 761 2678 saepe
779 2616 849 2657 cum
865 2597 1004 2678 proximo

32 2687 206 2764 pollutionis
222 2687 368 2767 periculo.

66 2779 138 2837 305.
163 2776 284 2850 Quaerit.
304 2778 401 2837 aona
423 2776 461 2836 sit
481 2776 615 2837 mortalis
640 2777 670 2836 in
697 2776 826 2856 conjuge
846 2773 1005 2836 delectatio

31 2882 149 2939 morosa
163 2865 200 2926 de
215 2865 325 2945 copula
341 2864 442 2925 hahita
458 2865 503 2925 vel
518 2864 682 2926 habenda‘l

66 2957 160 3036 Resp.
184 2956 270 3016 Certe
297 2962 374 3015 esset
398 2952 533 3013 mortalis
555 2955 579 3014 si
606 2957 718 3032 conjux
743 2954 904 3016 obstrictus
928 2959 1007 3014 esset

31 3051 99 3105 mto
122 3044 266 3105 eastitatis
283 3062 290 3103 :
308 3044 383 3104 ratio
408 3046 498 3122 patet.
521 3076 558 3089 -
578 3046 668 3103 Extra
693 3043 775 3105 hunc
798 3061 919 3114 casum,
946 3050 1007 3101 tres
1055 3104 1056 3107 ,

31 3139 100 3193 sunt
114 3133 273 3195 sententiae
289 3153 295 3192 :
312 3131 421 3197 Primo
444 3131 585 3204 affirmat,
610 3132 681 3212 quia
702 3131 771 3192 talis
782 3130 940 3193 delectatio
963 3138 1008 3189 ost

32 3224 116 3300 quasi
131 3221 257 3302 pollutio
272 3220 421 3294 inchoata,
438 3240 507 3301 quae
519 3219 638 3299 sponsis
654 3239 714 3280 nnn
731 3221 798 3281 licet
810 3228 892 3280 extra
907 3226 1008 3279 actum

32 3312 233 3395 conjugalem.
248 3343 285 3355 -
296 3307 429 3372 Secundo
441 3309 635 3369 communior
647 3316 746 3387 negat,
763 3309 834 3388 quia
848 3306 1007 3367 delectatio
1062 3363 1064 3367 ,

33 3419 118 3462 suam
145 3399 309 3460 honitatem
335 3404 386 3458 aut
405 3397 551 3458 malitiam
574 3396 667 3459 sumit
691 3416 728 3458 ex
752 3397 890 3475 objecto;
918 3414 1008 3474 porro

33 3489 184 3571 ohJectum
208 3487 272 3569 (seu
289 3485 409 3568 copula)
429 3493 473 3548 est
494 3485 676 3566 conjugibus
691 3485 806 3547 licitum
824 3503 830 3543 :
847 3503 930 3563 ergo,
947 3491 1005 3543 etc.

63 3685 85 3735 l.
104 3684 175 3742 lain,
190 3693 217 3731 n⁰
229 3681 284 3731 936.
