2378 4102
190 216 249 275 232
503 229 598 275 rnatu
619 214 848 281 nnrnandrrova.

191 355 223 409 ad
252 354 373 421 malum,
399 360 494 409 contra
520 369 600 409 snum
632 370 731 409 munus
758 360 874 426 peccat,
897 356 958 410 446.
983 355 1018 410 V.
1049 352 1176 409 Consuli-

191 440 279 488 natur.

226 534 373 590 Peccatum.
395 537 433 590 De
457 536 576 608 peccatis
597 535 718 591 castitati
738 536 765 589 in
784 550 884 604 genere
896 535 1054 607 oppositis
1072 539 1127 592 tt.
1150 538 1176 589 ilc

191 617 311 686 peccatis
334 616 449 671 luxuriae
470 617 498 669 in
513 616 613 687 specie,
625 620 670 683 38,
686 623 740 670 etc.
761 618 802 669 De
824 614 948 685 peccatis
962 614 1094 672 luxuriae
1116 632 1177 671 cona

189 703 332 751 summatae
356 703 452 750 contra
473 702 610 763 naturam,
636 695 697 748 454.
722 696 835 749 Peccata
858 693 887 747 in
913 693 1019 765 quibus
1034 694 1176 765 generatio

189 774 345 846 impeditur.
364 776 427 828 496.
457 775 571 830 Peccata
585 774 699 829 luxuriae
720 790 773 828 non
794 780 1005 837 consummatae,
1023 775 1094 828 494.
1114 775 1166 830 Pet

188 862 250 908 cala
275 854 382 909 interna
404 854 530 923 luxuriae,
547 857 608 910 tet.
638 856 751 909 Peccata
774 859 903 920 externa,
926 855 989 907 aot.
1024 853 1156 909 Peccatu

191 941 269 1005 turpe
282 933 419 1004 quomodo
434 935 601 1006 intelligatur
615 934 703 1005 quoad
718 933 917 988 consessionem
935 932 1098 1005 complicis,
1119 936 1156 989 lt

191 1014 304 1068 Peccata
324 1015 471 1085 conjugum
487 1030 536 1085 per
555 1030 708 1077 excessum,
724 1015 785 1067 302.
811 1012 951 1084 Principia
971 1013 1173 1084 praeponenda,

189 1094 250 1147 302.
277 1097 318 1148 An
348 1101 446 1161 tactus,
467 1100 609 1165 aspectus,
633 1093 790 1162 delectatio,
806 1091 984 1160 desiderium,
1012 1099 1092 1161 etc,
1127 1094 1174 1146 sint

191 1173 314 1227 mortalia
335 1174 363 1227 in
384 1173 559 1245 conjugibus,
573 1175 635 1238 363,
649 1176 710 1228 305.
729 1174 840 1227 Peccata
849 1172 1003 1243 conjugum
1014 1186 1069 1243 per
1083 1172 1175 1227 deiec-

191 1261 259 1318 tum,
275 1254 384 1307 eon-V.
400 1251 578 1307 Ononiomum.
1023 1262 1026 1265 ’

226 1357 442 1414 Pltolonatc'ricnr.
464 1360 500 1413 lls
516 1367 682 1430 permettent
697 1359 720 1412 la
736 1357 909 1423 fornication,
924 1359 969 1411 27.

227 1466 343 1520 Pictura.
364 1465 450 1534 Quale
463 1468 499 1522 sit
522 1474 663 1538 peccatum
674 1466 797 1537 aspicere
812 1465 934 1537 picturas
947 1458 1112 1527 obscoenas,
1131 1471 1172 1518 aul

189 1545 256 1599 istas
271 1545 383 1616 pingere
396 1553 424 1600 et
438 1562 574 1617 exponere
584 1545 611 1599 in
629 1544 750 1616 publico,
766 1545 827 1597 203.

224 1663 315 1712 Poenc.
328 1660 419 1715 Poenae
430 1667 526 1715 contra
534 1659 754 1724 concubinarios,
762 1660 853 1727 53,5t.
864 1660 953 1714 Poenae
961 1664 1122 1713 contraeas
1133 1658 1174 1729 qni

191 1737 349 1808 pudicitiam
373 1738 484 1807 ledunt,
497 1742 543 1793 58.
558 1741 649 1796 Poenae
663 1748 761 1803 contra
772 1745 955 1812 provocantes
966 1737 1003 1792 ad
1017 1737 1172 1799 libidinem,

189 1819 232 1871 39.
254 1818 346 1874 Poenae
359 1835 374 1875 a
389 1819 509 1874 Summis
521 1820 699 1892 Pontificibus
719 1821 782 1875 latae
793 1827 891 1873 contra
904 1817 1086 1873 absolventes
1100 1833 1173 1871 coru·

189 1897 287 1968 plicem
300 1898 329 1951 in
343 1899 458 1954 materia
471 1900 554 1971 turpi,
572 1901 632 1952 lat.
647 1901 739 1955 Poenae
753 1905 850 1954 contra
865 1912 925 1953 reos
946 1896 1093 1965 sodomiae,
1110 1899 1171 1950 436.

188 1976 289 2032 Contra
304 1978 431 2032 abortum
448 1986 640 2050 procurantes,
657 1981 788 2035 att-326.

225 2089 314 2144 Polla.
333 2093 361 2145 V.
379 2090 542 2147 Soltotioncs.

226 2206 346 2262 Pollentia.
366 2210 397 2263 ll.
418 2206 546 2262 Luxuria.
570 2209 758 2265 confessarius
781 2216 809 2264 et
826 2207 949 2263 medicus
969 2223 1073 2264 munus
1094 2225 1171 2263 suurn

189 2288 303 2359 implere
317 2296 442 2360 possunt,
451 2289 502 2343 etsi
513 2288 684 2360 praevideant
695 2289 872 2359 pollutionem
885 2286 988 2342 exhinc
1003 2296 1169 2343 secuturam.

189 2368 270 2423 modo
284 2369 337 2440 ipsi
351 2384 405 2422 non
423 2368 606 2432 consentiant,
621 2371 665 2422 33.
688 2370 757 2423 ltem
771 2367 837 2423 licet
853 2368 980 2446 equitape
999 2384 1064 2422 cum
1078 2367 1169 2424 eadem

189 2449 362 2518 praevisione,
387 2452 429 2502 33.
450 2448 628 2517 Quandonam
648 2449 761 2519 pollutio
781 2448 896 2519 praevisa
915 2448 952 2502 sit
969 2448 1105 2513 mortalis,
1126 2449 1167 2501 34.

188 2527 273 2582 Casus
287 2528 313 2581 in
332 2528 433 2599 quibus
447 2536 490 2582 est
506 2536 612 2583 tanturn
626 2527 749 2595 venialis,
767 2531 810 2595 35,
825 2529 868 2581 36.
886 2526 1006 2582 Pollutio
1020 2527 1112 2583 locum
1126 2543 1169 2582 sa-

189 2623 266 2662 crum
281 2609 392 2680 polluit;
410 2609 515 2679 hocque
531 2608 707 2679 probabiliter
722 2609 786 2663 licet
796 2609 903 2663 occulta
915 2607 962 2675 sit,
979 2608 1063 2663 modo
1078 2615 1167 2680 postea

190 2688 298 2757 publica
319 2689 437 2756 eveniat,
461 2691 521 2743 449.
542 2688 682 2744 ldemest
703 2686 849 2743 dicendum
870 2687 905 2742 de
924 2688 1025 2759 copula
1040 2687 1164 2748 maritali,

190 2769 251 2822 446.
276 2768 452 2837 sacrilegium
468 2769 616 2823 committit
636 2768 727 2839 quise
745 2767 843 2839 polluit
859 2768 952 2822 statim
969 2776 1033 2838 post
1043 2784 1166 2823 cominu-

190 2845 309 2914 nionem,
331 2849 391 2900 444.
411 2850 451 2902 An
478 2848 558 2903 liceat
578 2847 696 2918 gaudere
714 2846 748 2902 de
771 2854 908 2902 nocturna
925 2846 1090 2919 pollutione,
1110 2848 1163 2900 494.

190 2924 261 2993 Quid
278 2928 312 2980 sit
329 2927 453 2998 pollutio,
470 2929 531 2981 466.
544 2931 585 2982 An
601 2939 628 2983 et
642 2934 778 2998 quatenus
792 2927 921 2981 mulieres
935 2926 1010 2982 illam
1026 2927 1164 3000 experiari-

191 3013 244 3073 tur,
260 3008 320 3061 457.
334 3008 373 3062 De
387 3007 538 3077 pollutione
556 3007 710 3062 voluntaria
720 3015 748 3062 34
758 3007 953 3075 involuntaria,
965 3007 1001 3062 de
1012 3007 1127 3080 simplici
1139 3011 1163 3058 rt

189 3086 353 3157 qualificata,
367 3089 427 3142 468.
443 3089 483 3140 An
495 3096 522 3142 et
532 3094 668 3158 quatenus
677 3087 791 3158 pollutio
799 3087 882 3142 volita
893 3086 929 3141 sit
939 3095 1096 3158 peccatum,
1108 3087 1160 3143 tto,

190 3167 250 3218 466.
272 3166 453 3221 Probabiliter
479 3173 569 3220 temen
595 3174 711 3220 nonest
732 3166 857 3221 illicitum
881 3182 974 3221 semen
994 3179 1162 3238 corrumpere

190 3261 241 3317 ope
258 3245 402 3302 medicine
416 3253 444 3301 et
465 3252 624 3317 corruptum
642 3247 750 3316 ejicere,
773 3248 835 3300 464.
860 3249 901 3299 An
920 3247 957 3300 sit
976 3247 1107 3317 obligatio
1124 3244 1162 3298 in·

115 3324 117 3333 ’
189 3333 306 3396 coeptam
328 3326 506 3398 pollutionem
526 3324 699 3396 impediendi,
722 3332 750 3380 et
770 3324 906 3396 quomodo
927 3325 1056 3397 immdiri
1072 3327 1160 3383 valmt

190 3406 252 3457 462.
282 3405 425 3472 Quomodo
454 3419 483 3458 se
511 3420 606 3472 gerere
632 3405 731 3459 debeat
754 3404 937 3459 confessarius
964 3421 1029 3459 cum
1054 3404 1162 3461 assuetis

191 3480 345 3550 pollutioni,
362 3486 424 3536 467.
441 3482 584 3550 Quomodo
598 3483 747 3554 procedere
762 3483 860 3539 debeat
874 3483 907 3538 ad
921 3483 1106 3555 detegendum
1119 3484 1161 3539 boc

190 3559 304 3626 crimen,
315 3562 377 3614 463.
392 3560 524 3628 Quaenam
535 3562 627 3630 regula
644 3562 758 3617 tenenda
773 3563 809 3618 sit
823 3579 873 3634 pro
887 3563 1064 3620 absolvendis
1077 3565 1161 3636 hujus

191 3635 263 3686 modi
285 3638 541 3703 consuetudinariis,
566 3644 628 3694 469.
655 3639 798 3707 Quomodo
821 3642 995 3712 intelligenda
1016 3644 1073 3699 sint
1093 3646 1161 3713 signa

195 3713 422 3779 extraordinaria,
443 3717 503 3770 470.
532 3717 560 3770 V.
583 3716 665 3788 Signo
685 3719 894 3779 extraordinario
910 3729 934 3779 ct
948 3723 1071 3782 recidivi.
1088 3725 1162 3794 Qu&
