2362 4094
13 122 15 131 t

299 164 489 211 orssaurarto
509 165 543 209 11.
566 162 660 209 claun
679 163 724 208 m.
941 145 996 214 151

13 278 171 377 irationem
185 286 286 348 solum
301 284 491 367 probabilem
512 284 621 348 habeat
634 286 672 348 dc
686 284 781 366 ipsius
795 283 997 359 invaliditate3

13 375 89 455 tonia
114 375 219 437 arlhuc
245 381 319 437 tunc
342 393 403 434 non
427 380 472 436 est
497 380 598 436 certus
614 375 713 450 deea,
740 393 796 435 nec
813 381 857 436 est
873 371 999 454 proinde

13 460 185 547 {privandus
209 482 266 525 suo
287 465 356 540 jura
377 462 496 542 petendi
524 463 607 544 quod
627 462 720 525 habet
741 480 794 543 per
817 462 905 524 bona
929 461 998 526 fidei

13 554 246 630 possessionem
262 571 269 611 ε
285 551 343 612 hoc
355 551 457 612 denuo
470 551 666 613 conlirmatur
680 551 788 613 eodem
797 570 865 631 cap.
878 551 1001 614 Laudo-

23 639 103 701 lilem
122 661 130 699 :
162 659 234 702 nam
248 641 367 720 sponsis
385 640 592 702 dubitantibus
608 641 647 702 de
662 641 805 722 potentia,
822 640 931 719 integri
945 642 1000 702 tri-

22 728 98 788 ennii
116 729 306 808 experientia
330 729 403 808 ipsis
425 748 443 789 a
463 729 532 809 jure
546 728 732 803 conceditur,
760 730 829 791 licet
843 730 919 791 forte
934 739 1000 810 post

24 814 181 878 biennium
201 817 444 898 probabilissime
453 818 617 879 constetde
630 818 859 898 impedimento,
871 819 999 899 eoquod

23 906 60 965 rei
78 909 233 968 certitudo
247 907 384 969 nundum
402 906 531 986 juridice
544 914 716 969 constet-
730 905 874 969 Observat
898 914 1000 968 tamen

23 993 50 1054 S.
73 996 215 1075 Liguor,
233 994 354 1077 quodsi
381 996 493 1073 conjux
518 995 659 1057 dubitans
683 994 790 1056 babeat
808 995 939 1056 rationes
961 997 1000 1057 ita

23 1085 239 1144 convincentes
264 1083 302 1144 de
330 1084 466 1145 nullitate
486 1084 670 1145 matrimonii
691 1089 724 1146 ut
750 1084 788 1144 de
813 1102 850 1144 ea
874 1084 999 1145 tundent

24 1171 169 1232 moralem
183 1171 410 1249 certitudinem,
425 1181 500 1233 tunc
514 1180 595 1234 certe
610 1190 667 1233 nec
677 1178 789 1252 petere,
807 1191 862 1233 nec
876 1172 1001 1235 reddere

25 1265 131 1338 potest.
163 1282 177 1319 r
194 1264 268 1321 ltem
294 1267 375 1322 recte
399 1259 525 1321 advertit
553 1261 678 1321 Croix...
700 1260 783 1340 quod
806 1259 960 1335 dubitans,
976 1263 1000 1324 si

29 1370 41 1405 r
60 1349 163 1410 adhuc
175 1367 259 1429 spem
280 1348 460 1428 prudentem
477 1349 565 1410 lraltct
579 1349 752 1411 inveniendi
769 1350 915 1429 majorem
930 1368 999 1411 ocr-

28 1457 40 1491 r
59 1437 235 1510 titudinem,
247 1446 321 1499 tuno
335 1439 440 1519 nequit
452 1445 564 1517 petere,
580 1439 663 1518 quia,
678 1457 749 1500 cum
763 1438 892 1502 dubium
902 1437 1002 1501 adhuc

28 1546 41 1580 r
59 1533 104 1586 est
120 1526 273 1599 vinciltile,
290 1545 352 1586 non
367 1532 464 1606 potest
476 1527 518 1586 uti
530 1527 598 1603 jure
613 1527 769 1607 petendi.»

60 1636 133 1694 270.
158 1633 340 1694 insecundo
365 1632 525 1711 hypothesi
541 1652 652 1714 nempe
667 1634 690 1695 si
704 1640 893 1696 contractum
912 1634 1001 1697 luerit

26 1722 252 1783 matrimonium
269 1740 340 1783 cum
366 1720 458 1782 dubia
480 1722 588 1784 iidede
615 1723 708 1803 ipsius
732 1722 891 1797 validitate,
920 1731 1001 1786 certe

25 1808 147 1884 quidem
167 1816 240 1871 tunc
253 1809 395 1872 dubitans
413 1817 483 1870 ante
506 1809 637 1891 diligens
650 1829 779 1873 examen
801 1810 881 1872 lraud
906 1820 1001 1891 potest

26 1897 218 1979 niatrimonio
230 1899 285 1960 uti.
299 1933 335 1943 -
352 1899 590 1960 Controvcrtitur
604 1918 673 1962 vero
687 1919 726 1961 an
749 1900 807 1961 hoc
833 1901 890 1981 ipsi
915 1902 1001 1963 liceat

26 1991 88 2071 post
103 1987 294 2066 diligentiam
314 1987 497 2049 sufficienter
510 1987 674 2050 adhibitum
688 2009 695 2050 ε
710 1990 856 2051 sententia
870 2009 1001 2051 commu-

26 2073 89 2133 nior
102 2083 191 2154 negat
203 2093 274 2136 cum
290 2076 463 2138 Salmantic.
476 2077 621 2152 Sanchez,
638 2085 710 2151 etc,
724 2084 753 2139 ot
769 2078 912 2158 probatur
930 2097 998 2160 cap.

27 2177 113 2240 supra
140 2165 233 2226 relato
250 2164 402 2237 Dominus,
419 2173 448 2227 et
473 2165 529 2226 hac
542 2168 659 2228 rationo
672 2166 755 2246 quod
778 2166 893 2228 nemini
915 2167 1001 2230 liceat

27 2248 65 2308 uti
80 2269 114 2312 re
128 2270 223 2332 quam
249 2253 327 2314 mala
356 2252 414 2314 lide
430 2253 584 2333 possidere
597 2250 729 2334 incoepit.
750 2253 825 2316 Alio
838 2265 883 2316 est
897 2260 999 2316 tamen
1091 2333 1093 2337 .

27 2340 483 2421 smtcntz'oaffirnrans,quamsat
492 2343 678 2422 probabilem
687 2352 805 2422 reputat
813 2345 843 2404 S.
855 2341 999 2422 Lignor.¹.

29 2425 108 2490 Ratio
123 2438 181 2504 est,
193 2431 265 2511 quia
278 2431 333 2492 etsi
348 2431 490 2492 dubitans
506 2438 636 2511 nequeat
650 2432 764 2493 incasu
775 2431 1002 2513 dubiumdepo-

28 2531 95 2579 uere
109 2519 198 2581 titulo
214 2519 424 2599 possessionis,
443 2519 472 2580 id
486 2532 587 2581 tamen
604 2527 701 2601 potest
720 2520 839 2581 efficere
854 2519 913 2580 alio
924 2521 1001 2597 juris

29 2604 189 2689 principia,
214 2626 325 2687 nempe
340 2610 421 2687 quod
446 2610 480 2668 in
504 2608 744 2670 dubiostundunr
758 2610 799 2669 sit
823 2628 878 2689 pro
902 2608 1006 2687 valore·

28 2702 106 2757 octus
122 2696 208 2777 (Cap.
225 2695 278 2757 fin.
291 2698 420 2758 Desunt.
437 2706 466 2758 et
480 2697 918 2778 rejudicoto).-Gontradicit
933 2698 1000 2778 qui-

29 2778 93 2844 tlem
106 2804 174 2864 cap.
194 2785 346 2860 llornr'uns,
371 2785 424 2846 scd
438 2785 468 2846 id
482 2793 575 2866 caput
599 2786 792 2848 solummodo
816 2785 949 2866 loquitur
963 2786 1001 2847 de

28 2868 116 2934 dubio
132 2875 211 2935 circa
226 2881 355 2935 mortam
378 2875 487 2954 prioris
508 2876 666 2955 conjugis3
684 2874 810 2956 proinde
832 2875 863 2935 in
883 2877 1001 2936 caeteris

29 2957 136 3037 dubiis,
154 2969 222 3042 post
246 2962 374 3042 diligens
400 2982 540 3037 examen,
557 2965 685 3044 ipsemet
698 2964 822 3044 conjux,
841 2964 894 3042 qui
909 2964 1001 3026 dubia

30 3045 83 3110 fide
97 3051 256 3126 contraxit,
278 3052 532 3132 poteritdubium
556 3052 719 3132 deponere,
742 3060 771 3114 et
794 3057 896 3132 postea
914 3051 1000 3112 debi-

29 3141 88 3200 tum
110 3147 223 3220 potere,
253 3141 306 3201 etsi
321 3139 379 3201 hoc
391 3141 473 3205 idem
497 3141 554 3220 ipsi
569 3159 631 3203 non
651 3142 739 3203 liceat
750 3140 884 3221 quandiu
900 3146 1000 3202 certus

31 3243 86 3289 non
98 3238 142 3291 est
153 3230 191 3291 de
206 3237 303 3291 morte
316 3230 425 3310 prioris
436 3232 587 3311 conjugis.

65 3326 169 3389 Plures
184 3330 246 3388 uu.
270 3333 371 3387 tantan
394 3326 499 3390 dicunt
513 3329 571 3390 boc
598 3348 663 3390 esse
692 3329 820 3402 licitum,
836 3329 859 3389 si
884 3327 1000 3389 adesset

31 3417 220 3491 probabilitas
233 3416 271 3477 do
285 3416 459 3494 hujusmodi
474 3417 558 3479 obitu
577 3436 583 3476 :
599 3418 657 3479 hoo
669 3424 770 3478 autem
788 3437 849 3478 non
870 3416 1000 3478 admittit

59 3655 80 3705 l.
96 3658 167 3717 llud„
181 3668 209 3705 n⁰
220 3656 274 3706 906.
