2384 4138
464 130 558 189 tneor
579 145 613 189 rr.
983 137 1021 196 39

45 260 168 342 pleudoe
182 280 278 322 causa.
301 260 359 324 Sed
375 261 445 342 quia
462 263 687 324 circumstantia
714 264 904 326 abductionis
923 267 1022 345 quoad

44 348 197 413 melitiani
221 368 283 411 non
300 349 419 411 videtur
440 350 612 411 notabiliter
625 350 745 413 differre
766 353 1023 416 acircumstantia

35 439 97 514 vis,
105 439 219 500 rectius
233 438 271 499 ab
280 438 347 500 aliis
360 437 478 499 deliniri
494 448 613 518 raptum
626 440 833 504 existimamus
849 461 856 500 :
873 440 921 501 Vn
936 441 1022 502 illato

32 527 215 609 cuicumque
229 546 373 608 personne,
393 535 445 587 out
460 528 498 587 iis
517 546 643 608 quorum
665 530 799 609 potestati
817 538 903 611 rupto
916 529 1020 607 subest,

34 616 199 698 replendor
220 614 357 677 libidinis
370 634 466 676 causo.
491 618 534 676 lta
547 616 629 677 card.
648 619 776 679 Gousset
791 622 800 655 ¹
816 619 868 699 qui
886 618 929 679 sic
943 618 1022 682 hanc

35 703 257 768 definitionem
269 705 417 785 explicat:
859 705 864 719 '

86 817 102 853 r
125 794 242 857 Dicitur
267 798 295 856 l⁰
318 792 367 854 Vis
384 792 481 862 illota,
494 810 547 852 seu
559 792 700 854 violentia
712 794 836 874 physice
857 800 885 855 et
902 795 1022 875 proprie

42 908 58 942 α
79 884 175 952 dicta,
191 883 239 943 rel
258 882 349 945 etiam
372 886 472 942 nictus
487 881 539 961 qui
561 886 721 942 censeatur
739 883 837 962 gravis
856 885 1021 964 respective

41 995 57 1030 a
78 970 120 1034 'ud
136 989 298 1052 personam
314 970 514 1050 quaerapitur
529 969 700 1049 (autetiam
717 989 822 1050 preces
836 971 1020 1051 importunae

41 1084 57 1118 n
76 1061 167 1139 Juxta
188 1061 219 1120 S.
242 1059 362 1138 Liguor¹
394 1063 498 1119 contra
524 1057 650 1118 Billuart
668 1057 709 1137 ¹).
740 1057 770 1119 Si
795 1077 863 1139 quae
890 1077 1019 1139 persona

40 1172 57 1206 a
80 1147 255 1211 consentiat
268 1145 506 1226 raperevolenti,
521 1153 550 1206 et
569 1152 675 1226 sponte
690 1145 836 1222 discedat,
862 1147 952 1207 etiarn
972 1149 1018 1208 in·-

40 1259 57 1295 α
79 1236 154 1299 sciis
165 1234 352 1317 parentibus,
368 1252 429 1295 non
446 1240 491 1295 est
515 1237 634 1314 proprie
649 1242 764 1314 raptus,
778 1233 829 1295 scd
846 1234 928 1315 luga,
955 1254 1016 1295 non

40 1350 56 1383 (ι
80 1321 1016 1404 addensnralitiantspeciedistinctarnsomirationi.S.Ligu0r‚

39 1438 56 1472 (r
84 1412 140 1475 lib.
157 1416 205 1486 lll,
223 1416 337 1473 110444.

85 1526 101 1561 <r
122 1502 239 1563 Dicitur
252 1499 284 1560 2⁰
297 1501 468 1582 cuicumque
482 1518 628 1580 persuum
645 1519 716 1560 narn
732 1518 935 1581 quaecumque
947 1519 1018 1581 per-

40 1614 56 1650 c
80 1609 156 1652 sona
165 1590 226 1651 sire
238 1590 401 1662 masculus
411 1589 471 1649 sive
482 1587 678 1663 femina‚sive
686 1590 780 1669 virgo,
791 1590 851 1650 sire
862 1595 1016 1669 corrupta,

39 1703 55 1739 u
80 1679 147 1741 sive
159 1679 267 1752 soluta,
283 1679 344 1738 sive
356 1678 517 1757 conjugata
532 1684 576 1737 est
591 1677 715 1737 materia
731 1684 844 1757 raptus,
858 1677 909 1757 qui
925 1684 970 1738 est
981 1695 1017 1737 eo

40 1792 55 1826 u
80 1768 202 1849 gravior
221 1786 282 1848 quo
296 1784 425 1846 persona
448 1772 532 1845 rapta
548 1765 698 1846 graviores
720 1765 819 1828 induit
834 1766 1014 1845 q'ualitates3

39 1880 55 1915 <r
80 1859 122 1917 ita
137 1862 170 1917 ut
184 1856 208 1915 si
222 1857 259 1916 sit
276 1856 447 1934 conjugata,
462 1861 619 1933 peccatum
643 1853 770 1915 luxuriae
792 1853 829 1914 sit
845 1860 874 1913 et
895 1853 1014 1914 adulla-

39 1968 55 2003 ι(
79 1945 178 2021 rium3
193 1945 216 2005 si
233 1946 295 2021 Deo
307 1943 528 2022 (licata‚raptus
542 1949 573 2003 et
586 1943 777 2023 sacrilegium
789 1964 798 2017 ;
814 1947 843 2003 et
859 1942 902 2002 sic
916 1941 952 2001 de
961 1960 1017 2006 oae·

39 2057 55 2092 u
79 2034 165 2094 letis,

82 2146 98 2181 n
112 2122 229 2183 Dicitur
239 2124 268 2182 3⁰
278 2121 338 2182 Aut
352 2121 391 2181 ir'r
402 2138 526 2201 puerum
536 2121 671 2200 potestati
681 2120 886 2201 ruptarubest:
904 2139 1015 2202 nempe

38 2210 275 2290 aparentibus,
299 2209 447 2271 tutoribus
470 2216 520 2269 aut
540 2208 715 2270 custodibus
734 2209 772 2270 ab
792 2209 828 2269 iis
846 2211 1015 2271 constitutis

36 2323 52 2357 a
77 2293 138 2360 sub
152 2316 282 2377 quorum
297 2315 369 2360 cura
380 2297 493 2357 exstitit
503 2314 632 2377 persona
644 2315 713 2377 quae
727 2297 932 2376 rapitur,quia
942 2307 1014 2360 tunc

36 2411 51 2445 n
77 2385 205 2459 babetur
219 2385 359 2447 violentia
378 2384 439 2466 (aut
456 2385 530 2459 viro,
548 2403 608 2445 non
631 2391 732 2446 autern
753 2385 777 2445 si
793 2385 853 2445 sint
867 2385 972 2446 tratres
985 2396 1015 2448 et

35 2498 52 2534 c
78 2474 190 2535 mulier
203 2473 239 2533 sit
261 2474 306 2535 sui
320 2474 406 2554 juris.
423 2476 466 2534 lte
480 2475 511 2534 S.
526 2473 647 2552 biguor.
661 2473 729 2554 ib).
746 2472 1014 2554 Qualitercumque

35 2586 52 2619 a
76 2567 182 2623 autern
203 2561 278 2622 adsit
303 2561 455 2636 violentia,
472 2562 603 2622 salvatur
623 2562 699 2622 ratio
723 2569 837 2643 raptus
853 2569 944 2642 prout
968 2572 1014 2624 est

35 2674 52 2709 c
77 2648 205 2710 luxuriae
228 2649 357 2731 species3
380 2649 441 2711 sire
466 2667 539 2729 ergo
554 2658 637 2729 rapta
652 2651 764 2730 raptari
783 2650 950 2711 consentiat
964 2671 1011 2713 re-

35 2760 52 2797 «
76 2737 261 2799 luctantibus
273 2737 458 2819 parentibus,
471 2738 532 2798 sive
546 2738 738 2798 consentiant
752 2744 903 2818 parentes,
919 2739 1013 2802 reluc-

36 2850 52 2886 ι(
75 2831 162 2887 tante
176 2833 271 2906 rapta,
294 2834 399 2908 raptus
412 2833 457 2887 est
473 2846 480 2887 :
496 2824 638 2889 abductio
660 2837 762 2888 autern
779 2829 889 2907 puellae
904 2836 1011 2907 sponte

37 2939 53 2974 a
76 2915 306 2986 consentientis,
327 2913 546 2976 reluctantibus
567 2916 657 2976 etiam
673 2916 860 2995 parentibus,
885 2933 945 2976 nun
967 2924 1012 2978 est

37 3026 53 3062 r
76 3010 183 3084 raptus
196 3003 248 3082 qui
267 3002 393 3065 subiciat
406 3002 444 3063 ad
459 3002 713 3083 impedimentum
729 3004 913 3066 matrimonii
934 3005 1011 3066 diri-

38 3114 54 3151 «
79 3109 178 3154 mens.

81 3202 97 3239 r
118 3179 233 3241 Dicitur
245 3184 279 3240 4⁰
294 3178 466 3260 Euplmdae
488 3178 625 3241 libidinis
637 3197 726 3241 rausa
742 3198 748 3239 :
765 3181 836 3260 quia
860 3181 884 3242 si
908 3188 1011 3262 raptus

38 3293 55 3327 n
77 3267 130 3330 tlat
142 3286 179 3329 ex
194 3266 362 3342 elisorum,
376 3286 487 3348 nempe
500 3275 533 3331 ut
549 3285 677 3348 persona
697 3273 781 3349 rapta
796 3269 1008 3344 venumdetur,

68 3452 91 3502 l.
114 3451 226 3516 rteotop.
244 3452 345 3513 morale,
360 3457 377 3502 t.
398 3453 417 3513 l,
438 3465 467 3501 no
486 3452 540 3503 655.
553 3452 613 3504 Vide
629 3451 703 3502 etiarn
717 3451 833 3513 billum,
846 3456 881 3507 Dr
895 3460 1007 3521 temper..

34 3523 259 3658 ⁸tluf’anlfiguor„
272 3593 315 3644 lib.
328 3595 352 3657 3,
360 3603 388 3643 n⁰
399 3593 445 3644 trt
455 3610 461 3654 ;
472 3594 582 3657 billum,
594 3597 629 3647 Dc
641 3600 743 3661 temper.
753 3596 820 3658 totu,
828 3564 910 3646 ενι-’4.
918 3598 1007 3648 vr-tae-

30 3665 140 3729 plicatur
150 3665 264 3728 definitio
