2384 4138
168 213 207 271 to
487 229 526 273 oa
546 226 638 273 naeus
658 225 811 274 rennuens.

168 347 332 426 opinentur
346 345 450 408 adesse
465 351 603 426 stuprum
621 348 646 409 si
660 347 745 428 virgo
764 345 854 408 etiam
876 338 1071 405 consentiens
1089 338 1146 400 de·

170 434 310 511 dorcium
322 434 375 496 sed
388 452 460 495 cnm
472 434 523 496 aiii
540 436 641 516 piures
652 454 723 498 oum
735 438 766 496 S.
783 432 925 514 Lignaria
938 433 947 467 ¹
968 429 1092 510 exigant
1105 426 1147 488 ad

168 527 307 602 stuprum
328 524 411 603 quod
429 523 515 603 virgo
541 525 631 586 invita
644 524 780 598 violetur,
794 519 949 603 probabile
970 518 1077 579 saitem
1097 521 1147 578 est

168 628 239 672 casu
257 630 319 689 quo
332 612 416 692 virgo
431 612 691 674 suaedetiorationi
706 611 866 684 consentit,
883 608 964 690 quod
978 613 1052 668 tunc
1065 603 1148 666 adsit

169 696 315 760 duntaxat
322 700 450 782 simplex
461 701 666 776 fornicationi
676 697 979 763 iusiusiniradicetur
987 697 1039 775 (60
1053 692 1143 773 eto).

209 790 259 848 43.
285 789 403 851 Certum
418 798 472 863 eat,
487 790 647 872 etquidem
661 789 697 851 de
710 787 877 871 fide,junta
893 784 1034 845 Bitlnart
1047 786 1071 854 ¹,
1082 782 1147 862 sor·

170 874 346 939 eiectionem
360 878 524 958 simplicem
534 899 591 940 esse
599 887 754 961 peccatum
769 874 959 937 mortale.Est
970 877 1078 934 eontra
1088 873 1117 932 N
1119 870 1146 931 i-

169 961 303 1040 colaitas,
319 972 347 1026 et
361 966 608 1049 Gnosticos(2'1).

212 1055 379 1133 propositio
392 1063 512 1119 constat
539 1062 570 1118 t⁰
585 1058 739 1138 Scriptura
757 1075 764 1116 :
787 1055 897 1135 iegitur
910 1054 993 1116 enim
1012 1052 1045 1113 in
1060 1052 1145 1111 Deu-

170 1147 351 1225 teronomio,
363 1166 390 1208 o.
402 1151 452 1221 23,
468 1168 494 1209 v.
513 1151 549 1209 17
561 1151 643 1210 et-tfl
658 1166 665 1207 ε
680 1145 749 1208 Non
763 1144 821 1205 erit
841 1143 987 1205 rneretrin
999 1140 1034 1202 dc
1056 1138 1145 1221 fitia·

174 1232 224 1293 bus
245 1234 355 1313 Israel,
371 1255 422 1297 uec
439 1244 582 1298 scortator
598 1242 633 1297 de
646 1235 724 1316 filiis
743 1231 851 1294 lsrael.
868 1233 934 1294 Non
948 1231 1047 1309 offeres
1062 1246 1147 1288 neer-

171 1320 265 1382 cedem
275 1326 449 1404 prostibuli,
476 1345 527 1387 nec
541 1325 669 1406 pretium
688 1323 770 1384 canis
790 1323 822 1380 in
842 1319 928 1381 domo
950 1317 1074 1380 Domini
1087 1314 1148 1377 Dei

173 1410 269 1483 tai...,
281 1413 352 1491 qnia
365 1414 543 1475 abominatio
558 1422 600 1474 est
616 1421 772 1493 utrumque
785 1407 866 1489 apud
881 1408 1050 1469 Dominum.
1059 1404 1149 1484 Epis·

172 1498 232 1560 tota
246 1508 349 1562 autem
364 1502 401 1562 ad
413 1502 530 1564 Galatas
543 1502 586 1563 sio
596 1501 685 1562 habet
701 1519 708 1559 :
725 1497 885 1576 Manifesta
893 1505 961 1559 eunt
975 1512 1065 1576 opera
1074 1513 1147 1554 car-

173 1589 230 1659 nis,
245 1600 385 1666 quaesunt
396 1591 566 1670 fornicatio,
576 1590 778 1667 immunditia,
795 1585 995 1671 inipudicitio,
1005 1582 1145 1657 luxuria,

172 1681 229 1735 etc.
257 1675 317 1750 Qui
336 1678 411 1739 tolia
433 1688 527 1760 oqnnt
540 1699 663 1760 rcqnnm
682 1678 737 1740 uei
758 1699 816 1740 non
829 1681 1046 1756 consequentur.
1070 1670 1147 1731 Vide

172 1761 296 1844 insuper
312 1773 326 1826 t
352 1767 388 1828 ad
399 1767 590 1842 Corinthios,
613 1787 640 1829 c.
658 1771 696 1843 63
718 1767 758 1828 ad
770 1767 918 1849 Ephesios,
934 1782 961 1825 c.
973 1765 1010 1836 33
1026 1759 1067 1821 ud
1081 1759 1147 1820 Hc-

175 1849 276 1921 braeos,
290 1872 317 1915 o.
336 1859 393 1932 ¹33
410 1855 673 1938 etApocoiqpsim,
684 1875 711 1918 c.
729 1860 779 1918 44.
791 1856 877 1920 Unde
892 1857 923 1916 S.
938 1852 1146 1930 Fulgentius⁸

173 1938 232 1999 ait:
249 1941 430 2004 Fornicatio
442 1964 593 2026 nunquam
602 1954 696 2026 potest
709 1964 766 2006 esse
776 1945 839 2005 sine
858 1942 945 2024 qraai
958 1939 1094 2001 crimine.
1132 1964 1135 1969 ⁴

214 2029 346 2093 Constat.
369 2037 401 2094 2⁰
421 2034 520 2095 Etiam
540 2034 655 2097 ratione
683 2056 689 2095 :
715 2033 885 2095 Fornicatio
905 2036 951 2093 est
965 2026 1146 2090 concubitus

174 2115 342 2198 importans
355 2140 409 2201 per
425 2140 457 2183 se
470 2122 724 2184 inordinationem
738 2141 807 2203 quae
823 2138 911 2199 gnare
925 2122 1147 2179 nocumentum

176 2204 265 2266 infert
289 2226 350 2269 non
370 2210 469 2272 solum
483 2210 559 2291 proli
576 2211 749 2287 nasciturae,
776 2209 828 2271 sed
850 2208 940 2270 etiam
963 2206 1045 2266 bono
1063 2219 1147 2264 com·

176 2294 262 2355 rnuni
285 2302 315 2356 et
334 2297 469 2359 societati
492 2298 532 2358 ob
555 2315 677 2377 pravam
697 2297 908 2360 educationem
932 2310 1025 2374 quam
1046 2291 1148 2370 proies

143 2429 145 2433 .
176 2381 332 2445 sotettuno
345 2385 481 2467 accipere
498 2405 505 2445 ε
522 2385 738 2467 quodquidam
754 2389 973 2447 nocumentum
988 2387 1032 2441 sat
1047 2379 1148 2459 gravia

177 2472 322 2531 momenti
338 2479 382 2534 est
403 2481 435 2536 ut
458 2481 589 2554 nequeat
602 2482 676 2536 tunc
695 2474 801 2535 abesse
823 2479 982 2554 peccatum
1002 2468 1146 2530 irrortale.

176 2558 256 2637 Ergo
275 2561 444 2624 secundum
468 2581 500 2623 se
514 2556 672 2624 fornicatio
694 2569 739 2623 est
759 2560 866 2623 lethale
882 2566 1052 2640 peccatum.
1074 2556 1149 2618 Vide

176 2662 266 2726 supra
280 2651 422 2730 proposit.
435 2654 474 2712 48
484 2653 522 2711 ab
536 2653 639 2712 lnnoc.
651 2653 689 2711 XI
705 2649 891 2711 damnatam.
908 2646 985 2729 (28.)

216 2747 271 2805 44.
294 2746 400 2827 Neque
414 2747 498 2809 dicas
512 2749 707 2809 tornicatores
717 2766 804 2826 posse
818 2747 928 2828 pacisci
942 2746 979 2806 de
992 2743 1149 2812 cohabita·

177 2829 259 2918 tione
284 2835 428 2896 servanda
448 2837 593 2917 quamdiu
608 2836 663 2898 erit
678 2837 846 2897 necessario
866 2835 903 2895 ad
928 2833 1021 2914 protis
1040 2833 1150 2895 educa-

177 2919 302 2998 tionem,
314 2931 365 2987 aut
377 2925 451 2986 alias
466 2925 638 3005 providere.
648 2927 725 2986 Nam
741 2925 941 3005 respondetur
950 2922 1008 2984 hoc
1017 2939 1083 2983 esse
1095 2939 1150 3002 per

177 3008 317 3071 accidens
329 3013 408 3074 actui
426 3012 599 3086 fornicario,
609 3020 638 3074 et
651 3014 680 3074 in
697 3014 813 3075 actibus
828 3012 969 3074 linrnanis
982 3009 1149 3072 bonitatem

176 3105 228 3159 aut
238 3100 382 3161 malitiam
397 3119 462 3164 esse
475 3101 689 3165 attendendam
703 3121 739 3191 εξ
752 3102 798 3163 his
811 3119 881 3182 quae
891 3100 949 3161 illis
963 3116 1017 3180 per
1030 3115 1063 3160 se
1077 3115 1149 3160 con-

177 3187 313 3265 veniunt,
330 3207 392 3251 non
407 3198 525 3265 autenm
545 3208 677 3271 quaeper
688 3190 831 3252 accidens
849 3208 933 3268 ergo,
945 3196 1002 3249 eto.

217 3276 323 3355 Neque
340 3296 492 3359 reponas:
515 3279 594 3341 siout
611 3297 674 3340 non
688 3287 767 3342 esset
786 3278 938 3341 homicida
956 3285 1017 3337 tani
1039 3277 1064 3338 is
1082 3277 1146 3357 qui,

178 3362 310 3443 lapidem
322 3367 519 3446 projiciendo,
530 3368 655 3430 cavisset
670 3369 785 3450 nequIs
797 3367 1064 3446 lederetur,quam
1075 3367 1148 3427 aiter

210 3563 232 3612 i.
251 3563 305 3615 Lib.
318 3566 342 3625 3,
351 3576 378 3615 11⁰
390 3568 444 3619 ata.

212 3634 235 3684 2.
253 3636 288 3686 De
300 3642 402 3702 temper.
416 3638 478 3690 [tiss.
494 3638 518 3700 6,
533 3645 579 3690 art.
592 3639 617 3702 2,
629 3639 687 3692 [tica
700 3640 733 3691 tr.

211 3705 234 3756 3.
252 3706 329 3773 Epist.
341 3709 364 3770 1,
378 3723 400 3760 a.
413 3709 435 3760 i.
