2384 4138
171 197 209 254 52
495 205 532 248 un
553 206 647 251 araus
668 207 705 252 vr
725 205 822 251 uanis.

168 326 323 406 guinitatis
336 326 489 406 gradibus.
512 327 666 387 Sententia
682 327 838 388 affirmans
854 324 1044 406 probabilior
1058 322 1140 384 balte-

167 423 216 477 lur
236 435 253 476 a
279 415 430 494 plerisque
455 414 624 492 theologis,
652 433 688 476 eo
702 415 792 495 ¹quod
813 413 926 474 malitia
949 412 988 472 sit
1009 410 1139 490 ejusdem

170 510 284 564 naturae
298 502 424 564 inomni
447 503 553 580 gradu,
573 504 626 563 etsi
647 522 708 564 non
729 502 865 581 ejusdem
880 500 1041 579 gravitatis.
1057 500 1139 560 Exei-

169 593 358 671 piturtamen
371 593 487 670 primns
500 590 706 669 graduslineae
722 598 822 665 recta,
839 589 901 650 imo
911 592 940 649 et
949 586 1140 669 probabiliter

169 678 286 758 primus
301 679 409 757 pariter
423 678 534 758 gradus
549 679 637 740 lineae
651 678 874 751 transversalis,
898 695 935 737 eo
957 675 1041 756 quod
1055 675 1087 735 in
1102 675 1141 734 bis

169 767 324 846 gradibus,
342 767 475 828 incestus
496 767 533 827 sit
556 785 592 828 ex
605 767 673 848 jure
689 774 814 840 naturae,
834 766 908 827 dum
923 764 955 824 in
970 763 1088 825 caeteris
1101 768 1140 823 est

169 874 206 915 ex
220 856 284 917 solo
292 857 360 933 Jure
371 855 497 935 positivo
510 861 538 933 ¹3
557 856 638 916 unda
651 856 794 936 obligatio
809 854 937 936 gradum
951 851 1140 932 specificandi

169 943 200 1003 in
224 943 412 1004 confessione
437 953 518 1005 certa
542 962 603 1005 non
618 951 662 1005 est
676 945 733 1005 nisi
759 962 814 1024 pro
829 943 928 1024 primo
942 939 1039 1020 gradu
1059 940 1140 1001 linoae

169 1038 269 1092 rectae.
288 1033 432 1093 Similiter
446 1033 579 1093 incestus
592 1051 663 1093 cum
678 1031 821 1093 affinibus
835 1037 917 1093 extra
932 1029 1067 1111 primum
1082 1048 1140 1108 gra·

170 1119 299 1181 domest
313 1121 448 1198 ejusdem
465 1120 587 1200 speciei.
604 1123 647 1180 Ita
662 1120 866 1181 communiter
880 1138 928 1199 ap.
940 1120 971 1180 S.
981 1119 1104 1198 Lignor.
1120 1121 1138 1177 ¹.

211 1211 372 1270 Neeetiam
392 1208 579 1270 concordant
592 1211 654 1270 DD.
675 1228 714 1269 an
732 1209 863 1270 incestus
877 1225 948 1271 eum
967 1204 1139 1286 consangui·
1165 1219 1166 1222 ’

171 1297 237 1358 nais
252 1298 351 1377 specie
376 1297 495 1358 dillerat
518 1297 556 1357 ab
579 1296 695 1358 incestu
714 1314 786 1358 eum
807 1295 949 1356 allinibus
960 1315 969 1368 3
993 1293 1140 1355 affirmant

153 1384 294 1464 -qnidam
314 1385 445 1461 Lessius,
461 1385 651 1459 Salmantic,
675 1391 732 1446 ete.
750 1388 918 1465 Negantem
936 1401 1007 1446 vero
1023 1389 1138 1445 senten-

170 1474 243 1533 tiam
254 1472 484 1552 probabiliorem
495 1474 623 1534 habetS.
633 1473 754 1552 Lignor.
768 1467 839 1535 eum
852 1475 882 1533 S.
894 1472 1024 1546 Tlroma,
1049 1473 1137 1550 Lago,

172 1559 305 1622 Sanehez
318 1568 349 1622 et
361 1561 426 1621 aliis
440 1563 542 1622 multis
557 1582 564 1620 ε
581 1561 652 1643 quia
664 1579 702 1622 ex
716 1561 824 1624 eodem
839 1561 952 1622 molivo
967 1559 1137 1640 prohibetur

172 1649 342 1730 copulatam
356 1650 592 1730 consanguineis
614 1669 707 1730 quam
723 1649 862 1711 affinibus
877 1652 899 1710 ³.

213 1765 280 1823 108.
309 1783 324 1820 a
351 1758 396 1822 An
421 1762 556 1824 incestus
576 1763 655 1824 inter
676 1768 822 1842 cognatos
844 1761 1018 1841 spirituales
1040 1760 1080 1822 sit
1105 1759 1139 1820 di·

176 1873 192 1909 «
212 1867 308 1912 versae
326 1851 436 1930 speciei
451 1869 546 1931 quam
565 1851 644 1912 inter
659 1849 902 1930 consanguineos
922 1854 951 1909 et
966 1847 1095 1909 affinesl
1108 1879 1138 1894 -

177 1961 192 1998 a
215 1938 358 2000 Absolute
369 1938 584 2000 affirmandum
597 1957 668 2000 eum
684 1939 831 2003 Salmant.
848 1944 878 1998 et
892 1939 924 1998 S.
938 1936 1066 2009 Thomu,
1083 1935 1137 2016 qui,

144 2040 152 2049 ·
177 2050 193 2085 (ι
212 2031 242 2087 2.
254 2033 285 2096 Ξ,
297 2047 316 2107 q
329 2031 460 2102 liban.
477 2030 525 2098 10,
542 2026 578 2087 ad
589 2032 620 2102 2,
635 2025 723 2089 docel
733 2045 787 2107 per
797 2025 939 2105 copulam
953 2026 1140 2103 intercogna·

144 2115 148 2129 ’
178 2137 193 2174 a
213 2123 259 2176 tos
274 2116 442 2196 spirituales
458 2116 808 2195 coramitte'sucre'lepr'um
822 2113 992 2175 admodum
1011 2116 1137 2177 incestae.

177 2227 192 2261 a
216 2210 369 2265 arautem
377 2210 450 2265 tunc
463 2207 501 2264 sit
512 2204 709 2284 explicandus
719 2203 830 2284 gradus
839 2202 1139 2284 cognationislrll'llr·

177 2315 192 2350 a
214 2298 298 2352 mant
314 2292 474 2364 Salmant,
492 2291 546 2365 ib,
562 2301 595 2353 n⁰
609 2297 647 2355 lb
656 2292 728 2368 3sad
743 2290 928 2371 probabilius
943 2298 1032 2370 negat
1047 2292 1137 2361 croix,

178 2402 193 2438 a
214 2384 335 2443 n010'18
350 2383 372 2442 ⁴.

216 2476 366 2538 «Pariter
387 2478 518 2540 incestus
539 2478 618 2539 inter
638 2482 783 2559 cognatos
807 2478 935 2558 legales,
959 2496 1071 2560 nempe
1097 2489 1139 2540 r'a·

177 2585 192 2621 a
213 2564 295 2625 tione
310 2563 496 2645 adoptionis,
510 2574 556 2627 est
573 2566 699 2642 diversae
714 2568 824 2648 speciei
839 2567 877 2650 ab
893 2567 959 2628 aliis
973 2567 1137 2642 enuntiatis,

176 2674 192 2710 a
212 2659 241 2713 et
256 2653 400 2733 explicari
410 2655 511 2746 debeb
525 2655 601 2716 Vide
617 2656 725 2730 Salm.‚
743 2656 796 2729 ib,
816 2664 847 2715 n⁰
860 2660 895 2717 tl
913 2658 933 2716 ⁵.
950 2677 965 2713 »

214 2762 280 2821 loa.
307 2763 351 2819 An
367 2767 469 2845 autom
483 2760 559 2822 adsit
580 2761 714 2824 incestus
735 2781 805 2823 casu
828 2781 890 2842 quo
905 2763 1080 2843 propinqui,
1096 2753 1139 2823 ob

171 2851 254 2908 lenta
274 2848 499 2928 dispensatione
514 2849 550 2909 ad
566 2851 794 2911 matrimonium
817 2850 1057 2912 contrahendum
1069 2898 1077 2927 ‚
1091 2850 1139 2910 lor·

173 2935 312 2998 nicantur
327 2943 489 3018 antequam
511 2941 624 3019 nuptiae
648 2939 707 2999 sint
733 2939 910 3000 celebratae?
923 2973 960 2985 -—
975 2941 1139 3001 Controver-

171 3023 261 3085 titur:
278 3043 365 3105 aeque
380 3025 565 3104 probabilem
581 3025 670 3087 babet
683 3028 714 3086 S.
731 3026 853 3106 Lignor.
868 3026 1047 3088 sententiam
1070 3024 1138 3086 allir-
1155 3048 1158 3055 ⁴

172 3117 305 3174 mantem
322 3132 358 3175 ae
372 3119 535 3194 negantem
553 3133 560 3174 ε
577 3114 652 3176 ratio
672 3115 849 3195 negantium
872 3122 917 3177 est
930 3115 1002 3197 quia
1016 3116 1137 3177 incestus

203 3329 225 3378 l.
244 3329 269 3380 S.
282 3330 393 3395 Lignea,
406 3331 449 3382 lib.
463 3332 486 3392 6,
501 3347 529 3381 n⁰
542 3332 596 3383 tto.

202 3403 225 3450 ἓ.
244 3402 313 3461 llio„
328 3402 371 3451 lib.
385 3403 408 3463 6,
422 3414 449 3451 n⁰
459 3404 513 3464 aaa,
527 3405 622 3468 ira-(lae.

202 3472 225 3521 3.
244 3473 269 3522 S.
285 3473 395 3536 Lignea,
411 3474 469 3523 itit.

202 3542 224 3590 t.
243 3542 315 3592 Juxta
330 3542 516 3604 Billuarttlliss.
538 3544 561 3603 6,
576 3549 621 3593 art.
637 3545 660 3604 6,
682 3559 766 3596 versus
781 3545 866 3608 finem)
884 3560 934 3596 non
948 3552 986 3597 est
999 3545 1134 3611 specifican-

171 3613 229 3661 dum
242 3628 273 3661 an
290 3613 399 3663 incestus
414 3613 446 3663 sit
457 3614 521 3663 inter
536 3621 657 3679 cognatos
672 3631 702 3666 ex
714 3616 837 3680 baptismo
851 3622 893 3666 aul
906 3632 934 3667 ex
948 3616 1133 3668 confirmatione.

203 3682 225 3730 5.
244 3682 271 3732 S.
287 3682 398 3747 Lignor,
413 3683 457 3732 lib.
471 3684 495 3744 3,
508 3693 535 3732 n⁰
550 3684 604 3735 lat).
793 3682 795 3687 ’
