2362 4094
203 151 261 213 tta
525 166 562 211 nu
583 167 677 215 araus
696 166 849 216 maurus.
896 212 900 217 .
990 232 994 240 .

242 289 272 351 Si
294 306 365 350 vero
377 288 535 369 conjuges,
549 290 604 351 etsi
619 294 738 352 aetatem
759 290 924 372 pubertatis
942 297 1087 369 assecuti,
1112 315 1155 360 nor

200 380 337 441 valerent
361 377 592 439 matrimonium
617 396 844 459 consummare,
869 400 930 443 non
959 383 1031 446 ideo
1055 386 1154 449 nullm

202 465 405 549 reputandum
427 472 506 528 esset
529 484 638 529 eorum
660 470 849 548 conjugium,
863 469 1013 552 quidquid
1031 475 1155 537 nonnulli

199 558 312 631 dicant,
324 554 394 635 quia
404 554 733 636 meritouttemporalis
743 558 890 619 duntaxat
915 563 1060 639 praesumi
1083 562 1157 626 dem

199 663 306 708 eorum
322 643 510 722 impotentia.
525 642 612 706 Unde
637 648 831 708 communias
852 646 979 710 docetur
990 650 1154 725 triennium

199 735 236 796 ad
251 731 467 814 experiendam
481 733 648 812 potentiam
656 752 849 810 concessum
861 735 972 798 debere
987 742 1130 801 tantum
1122 762 1155 804 m·

197 826 324 905 ciperem
338 823 494 903 pubertate
507 821 669 901 completa
682 822 821 885 videlicet
832 823 872 885 ab
884 843 966 887 anno
977 829 1016 950 l8
1026 846 1082 908 pro
1093 830 1154 903 viro,

197 923 228 974 at
239 912 278 973 ab
291 929 373 972 anno
386 915 424 972 tr
439 927 494 990 pro
508 907 653 971 feminal

238 1004 307 1063 259
331 1002 521 1080 Quamquam
538 999 732 1061 matrimonia
743 1007 805 1062 rata
824 1001 1017 1082 impuberum
1041 1004 1155 1068 invalida

196 1090 316 1154 ‹lelectu
329 1103 497 1149 consensus
509 1085 689 1160 habeantur,
704 1086 804 1149 valere
823 1093 925 1151 tamen
952 1098 1079 1170 possunt
1101 1100 1155 1155 tao

144 1248 146 1251 ,
197 1198 289 1256 qoam
304 1173 456 1258 sponsalia
470 1193 507 1236 ex
522 1174 643 1255 speciali
657 1174 938 1256 jurisdispositione
961 1178 993 1239 in
1012 1197 1080 1261 cap.
1105 1181 1155 1243 Tro

199 1270 240 1329 De
253 1287 347 1350 spons.
365 1264 488 1345 impul„
505 1270 535 1325 et
547 1281 615 1344 cap.
631 1264 734 1339 unico,
749 1265 857 1326 eodem
868 1265 899 1327 in
913 1269 947 1327 6ο
961 1269 985 1328 ².

233 1359 323 1419 Juxta
340 1352 453 1414 Beued.
469 1354 536 1414 XlV
546 1355 558 1389 ⁸
570 1351 725 1415 declarare
737 1360 865 1435 possunt
874 1354 1016 1435 Episcopi
1029 1374 1069 1419 an
1083 1357 1155 1420 mali

79 1450 84 1457 '
196 1444 235 1506 tia
250 1442 390 1525 suppleat
400 1440 714 1521 aetatem‚acproinde
725 1442 903 1505 ansitlocus
915 1442 1154 1508 daudilicentian

197 1533 317 1614 nuptias
328 1528 524 1592 contrahendi
545 1535 617 1591 ante
644 1530 811 1611 legitimam
825 1537 965 1606 ,aetatem
997 1532 1044 1594 Ad
1068 1531 1155 1597 solun

194 1629 294 1682 tamen
311 1622 473 1681 Summum
488 1616 666 1680 Pontificem
684 1620 815 1698 pertinet
835 1618 1011 1700 dispensare
1034 1640 1107 1685 cum
1130 1624 1156 1684 iis

197 1711 250 1789 qui
266 1708 402 1770 nondum
417 1712 536 1768 aetatem
551 1705 664 1767 babent
677 1725 734 1770 nec
747 1707 847 1770 adhuc
860 1715 932 1770 sunt
945 1716 1095 1788 potentes.
1105 1711 1155 1774 Sed

197 1797 317 1859 casibus
330 1794 552 1876 urgentissimis
565 1801 612 1855 sat
622 1793 817 1875 probabiliter
831 1796 965 1859 Saucbea
975 1799 1065 1861 docet
1079 1818 1156 1881 posse

197 1887 381 1967 Episcopum
403 1884 595 1964 dispensare3
611 1883 693 1964 quod
717 1884 824 1964 probat
852 1904 919 1966 cap.
942 1885 1023 1948 alte
1042 1885 1154 1968 dispens.

197 1975 319 2056 impet„
331 1973 382 2035 ubi
392 1972 502 2034 dicitur
511 1971 678 2053 dispensari
690 1990 778 2053 posse
793 1974 825 2034 ia
838 1973 941 2056 aliquo
953 1977 1155 2055 urgentissima

193 2065 363 2126 necessitate
377 2083 386 2122 .·
399 2060 481 2143 quod
510 2060 631 2121 nonnisi
658 2059 697 2122 de
725 2061 883 2142 Episcopis
909 2062 1029 2126 videtur
1054 2063 1155 2126 intelli·

215 2153 329 2216 endum
343 2155 366 2211 ⁴.

194 2174 303 2304 g260.
326 2238 510 2302 Noneodcm
522 2235 1063 2320 modointelligitorimpedimentum
1071 2243 1156 2306 aetabs

193 2332 341 2392 innostro
363 2326 442 2389 civili
457 2324 561 2388 codice
585 2344 620 2388 ao
645 2325 677 2387 in
698 2327 767 2405 jure
794 2328 953 2390 canonico.
979 2331 1014 2389 ln
1039 2330 1156 2394 articulo

192 2419 275 2481 euim
288 2422 356 2491 tat,
374 2415 514 2478 statuitur
525 2420 642 2476 tantum
654 2414 738 2497 quod
750 2433 816 2478 mas
827 2422 896 2479 anta
915 2434 1016 2480 anuos
1032 2424 1071 2484 ta
1095 2436 1156 2484 eto

193 2501 272 2570 tutos
292 2516 321 2568 et
339 2504 453 2567 lemine
475 2507 545 2565 ante
569 2507 606 2565 15
634 2516 733 2566 anuos
759 2504 905 2585 integros,
935 2507 1155 2573 matrimonium

192 2595 370 2658 contrahere
383 2591 464 2654 baud
483 2600 631 2671 possunt:
648 2615 664 2651 a
683 2593 888 2667 Neanrnoins,
912 2593 1037 2659 additur
1062 2599 1095 2660 in
1107 2604 1154 2660 art.

196 2709 211 2744 a
233 2688 330 2757 t85.„
343 2682 371 2743 te
386 2678 519 2761 mariage
532 2681 687 2742 contracte
702 2698 756 2762 par
768 2681 813 2742 les
826 2682 925 2763 epoux
947 2684 1000 2763 qui
1016 2684 1169 2748 n’avaioatl

197 2798 212 2832 «
233 2790 287 2855 pas
304 2788 415 2834 encore
432 2769 511 2850 l'bge
525 2770 638 2851 requio,
654 2787 696 2831 ou
709 2768 784 2832 dont
798 2770 863 2832 l'un
877 2769 934 2833 des
953 2770 1035 2835 deux
1058 2770 1156 2836 n’avait

197 2886 211 2919 a
233 2879 286 2943 pas
293 2861 399 2922 atteiut
410 2861 531 2939 cetego,
541 2876 581 2919 ne
591 2865 662 2941 peut
672 2856 740 2939 plus
749 2858 812 2920 etro
825 2859 945 2939 artaque
961 2878 969 2920 a
987 2866 1020 2921 1⁰
1030 2857 1155 2942 lorsquil

196 2974 211 3009 (ι
232 2951 302 3013 s'est
311 2948 417 3011 eenole
432 2947 477 3009 six
490 2947 569 3008 mois
581 2945 691 3027 depuis
704 2964 765 3027 que
778 2952 827 3008 cet
839 2947 940 3028 dpoux
951 2965 993 3010 ou
1005 2949 1051 3012 les
1065 2950 1154 3031 epout

195 3035 700 3116 «ontatteintl'3bgecompetent
712 3038 746 3097 2⁰
772 3034 893 3117 lorsque
916 3035 944 3097 la
970 3037 1087 3101 lemme
1108 3032 1153 3117 qai

194 3152 209 3187 «
231 3125 339 3195 n’avait
354 3125 441 3206 point
456 3131 504 3185 cet
517 3126 603 3204 egea
618 3141 717 3197 concu
737 3128 826 3185 avant
854 3123 1029 3201 l’ecbeauce
1052 3125 1093 3188 de
1115 3122 1153 3185 sia

194 3216 317 3278 antolS.
341 3236 356 3272 ›)

219 3438 241 3487 l.
260 3440 283 3487 S.
302 3435 414 3499 Liguor..
428 3434 470 3484 lib.
483 3434 507 3493 a,
524 3443 551 3482 u⁰
563 3432 638 3492 10663
652 3431 769 3482 Sancltez.
785 3431 825 3480 lib.
839 3432 861 3491 l,
874 3433 936 3498 disp.
958 3434 1009 3489 llb.
1025 3443 1052 3483 n⁰
1064 3433 1102 3481 tt).
1168 3494 1169 3497 Ἴ

219 3509 243 3555 2.
262 3505 509 3569 Sogtia,1nstit.jttr.
522 3504 622 3569 prio.,ll
638 3502 692 3552 188.
1168 3504 1169 3523 ³

219 3576 241 3621 a,
260 3576 286 3624 ln
296 3576 372 3638 tipiat.
386 3575 419 3624 ad
430 3575 512 3640 Epiro.
526 3575 644 3626 Paionia.

218 3643 242 3690 l.
260 3644 312 3705 Lib.
325 3644 347 3701 i,
364 3644 426 3705 disp.
443 3643 496 3705 tot,
511 3656 539 3692 m
549 3644 587 3692 ta.
