2384 4138
440 117 533 161 orror
555 118 587 161 u.
962 104 1000 160 57

33 237 193 302 voluntaria
211 234 335 297 seminis
353 234 477 295 humani
491 235 609 301 allusio,
626 232 749 313 quando
773 238 817 294 est
845 239 1002 313 peccatum

33 327 164 399 mortale,
178 324 230 386 sed
248 341 302 404 per
326 340 393 382 eam
424 321 528 402 (modo
552 340 655 383 semen
680 322 718 382 sit
741 321 925 401 prolilieum,
942 340 1003 382 non

31 435 95 478 vero
107 417 146 477 sit
159 412 232 475 illud
247 411 329 493 quud
345 411 479 472 medium
496 418 578 472 tenet
590 413 668 472 inter
682 429 786 472 semen
805 412 924 491 proprie
938 411 1003 472 die-

33 513 91 566 tum
119 511 149 564 et
176 501 310 581 urinam)
338 500 468 581 ecclesia
503 506 555 560 aut
582 500 792 561 emineterium
831 498 1004 584 efficiuntur

33 593 137 673 polluta
153 591 252 651 donec
273 587 518 660 reconcilientur,
530 590 585 649 etsi
610 588 641 648 in
665 588 873 668 pavimentum
899 596 950 648 aut
971 588 1003 647 in

32 686 135 742 terram
151 696 256 740 semen
268 696 329 738 non
344 676 440 738 cadat.

66 769 197 830 Dubium
212 785 283 828 vero
297 771 399 827 ortum
411 764 467 826 luit
480 785 519 828 an
532 784 586 845 per
602 765 742 845 copulam
767 765 916 827 occultam
938 764 1002 825 loca

33 876 107 919 saera
134 855 327 937 polluantur,
347 861 457 932 negant
483 854 619 927 Pontius,
644 853 751 927 Tolet,
767 857 902 925 Navarn,
929 859 1001 926 etc„

33 955 92 1024 post
106 946 258 1018 Glossam,
274 944 305 1005 in
320 943 371 1005 eit.
387 962 453 1022 cap.
472 943 564 1005 uuioo
576 943 610 1003 de
623 945 848 1016 consecratione,
864 943 895 1002 in
915 946 958 1017 6⁰,
974 955 1003 1002 r⁰

32 1033 152 1115 Rolluit,
170 1032 222 1094 ubi
237 1033 363 1092 dieitur:
380 1031 418 1093 Si
428 1031 557 1113 pollutio
571 1032 663 1103 fuerit
676 1032 803 1104 occultu,
815 1029 933 1090 ecclesia
944 1051 1003 1091 uon

33 1122 104 1184 debet
132 1120 334 1183 reconciliari.
355 1123 441 1183 Ratio
468 1121 500 1181 in
522 1119 732 1204 probationem
747 1120 833 1181 allata
854 1124 898 1179 est
921 1120 1003 1200 quod

33 1211 92 1272 talis
114 1210 223 1272 effusio
237 1227 298 1270 non
315 1210 354 1270 sit
367 1209 558 1290 sacrilegium
573 1209 610 1269 de
623 1210 690 1287 jure
710 1208 821 1281 divino,
835 1208 886 1268 sed
901 1208 1002 1269 solum

33 1298 143 1377 dejure
155 1297 376 1374 ecclesiastico;
392 1315 484 1378 porro
503 1299 571 1375 jure
585 1297 788 1358 ecclesiastico
808 1297 870 1356 sola
884 1296 1003 1376 publiea

32 1388 151 1448 sentinis
164 1385 272 1448 effusio
287 1385 440 1466 prohiberi
454 1386 571 1447 videtur
590 1387 621 1446 in
638 1386 710 1447 loeis
723 1385 825 1446 sacris.
843 1384 1004 1445 Affirmant

33 1476 128 1555 plures
142 1475 205 1549 alii,
221 1481 250 1533 at
274 1474 398 1554 quidem
414 1474 601 1554 probabilius
613 1477 697 1553 juxta
712 1473 744 1535 S.
760 1474 881 1553 liguor.
898 1476 919 1548 ¹,
932 1473 1003 1553 quia

32 1582 134 1626 omnes
159 1571 259 1624 textus
284 1580 377 1648 supra
401 1563 482 1624 citati
507 1563 545 1624 de
573 1581 766 1643 quacumque
788 1561 934 1624 effusione
955 1562 1003 1622 lo-

33 1658 175 1732 quuntur,
188 1652 317 1731 proinde
340 1651 379 1713 de
406 1653 536 1726 occulta,
553 1652 692 1732 quamvis
709 1670 768 1712 non
790 1652 828 1712 sit
848 1652 1000 1730 obligatio,

25 1741 173 1821 'quamdiu
188 1740 304 1802 crimen
320 1747 421 1802 manet
444 1742 611 1817 oecultum,
630 1759 646 1799 a
664 1740 775 1822 divinis
788 1740 895 1802 officiis
908 1740 1002 1800 absti-

33 1830 132 1891 nendi.

68 1940 137 1997 120.
160 1937 267 1996 Ortum
282 1935 391 2015 pariter
411 1936 466 1997 luit
480 1935 606 1997 dubium
620 1955 657 1997 an
681 1954 734 2015 per
753 1935 894 2015 copulam
908 1936 1003 1996 mari-

32 2025 117 2086 talem
133 2025 218 2086 locus
238 2042 323 2084 sacer
344 2024 507 2104 polluatur.
537 2026 640 2086 Primo
658 2025 805 2105 sententia
832 2031 875 2084 sat
893 2024 1003 2103 proba-

32 2111 95 2174 bilis
117 2116 222 2191 negat,
237 2112 295 2172 nisi
316 2112 434 2173 adesset
458 2113 645 2186 scandalum,
661 2112 743 2193 quod
758 2111 910 2173 ordinarie
924 2111 1005 2172 dilli-

30 2201 82 2263 cile
102 2209 150 2262 est
178 2200 293 2261 adesse.
319 2203 361 2261 lta
386 2200 489 2262 Glossa
511 2222 546 2262 ex
577 2204 697 2282 Hygino
720 2204 811 2281 Papa,
836 2219 863 2262 o.
891 2205 938 2272 19,
960 2201 1005 2261 De

30 2308 166 2364 conseer,
179 2288 248 2350 dist.
265 2291 288 2349 l.
306 2287 437 2350 Secundo
461 2291 627 2364 sententia,
647 2298 690 2352 sat
718 2290 808 2350 etiam
830 2287 1002 2368 probabilis,

29 2377 169 2451 affirmat,
185 2376 277 2437 modo
291 2377 399 2455 copula
414 2377 502 2438 luerit
520 2379 651 2458 publiea.
675 2378 774 2439 Tertio
788 2377 913 2437 demum
935 2394 1003 2437 sen·

28 2467 203 2546 tentia‚quae
212 2464 552 2545 probabiliorhabeturb
563 2465 594 2529 S.
606 2465 872 2546 Liguor.,altirmat
882 2464 1004 2544 quidem

28 2573 96 2616 cum
111 2554 258 2630 secunda,
274 2553 324 2614 sed
340 2554 431 2614 etiam
441 2555 471 2614 in
488 2574 558 2617 casu
572 2575 634 2636 quo
647 2556 756 2634 copula
769 2559 813 2614 est
827 2552 957 2614 occulta.
970 2556 1004 2614 lu

29 2659 93 2704 can.
108 2642 195 2704 enim
205 2639 359 2718 Ecclesr'r's,
374 2640 443 2702 dist.
454 2646 504 2715 68,
514 2643 640 2704 dicitur:
656 2643 860 2721 cujuscumque
874 2644 1003 2703 semiue..

25 2729 163 2809 pottutoe.
197 2733 290 2790 Porro
318 2729 341 2790 si
367 2749 421 2810 per
444 2730 624 2793 effusionem
650 2731 774 2792 seminis
799 2731 1007 2812 majoremnque

29 2817 155 2880 ecclesia
180 2816 336 2898 polluitur,
352 2837 425 2898 ergo
445 2827 474 2880 et
501 2839 554 2899 per
573 2820 752 2887 maritalem.
778 2819 933 2899 Excipitur
949 2823 1005 2882 uisi

29 2907 137 2987 copula
158 2905 321 2967 haberetur
342 2926 377 2967 ex
394 2907 499 2968 morali
521 2910 716 2982 necessitate3
739 2915 768 2967 et
782 2909 813 2968 in
830 2906 886 2968 hae
900 2911 1005 2970 morali
1039 2955 1044 2962 .

30 2996 208 3058 necessitate
232 3003 411 3074 reputantur
430 2998 577 3076 conjuges
598 2998 720 3078 quando
735 3002 806 3056 sunt
821 2997 850 3056 in
872 2998 1006 3076 periculo

29 3080 270 3158 incontinentia,
286 3083 368 3163 quod
384 3085 521 3146 accidere
532 3085 618 3146 facile
630 3090 741 3166 posset,
756 3085 781 3145 si
793 3084 845 3145 diu
864 3086 895 3145 iu
911 3086 1007 3147 eccle-

29 3172 70 3232 sia
98 3189 281 3253 permanere
307 3180 503 3252 cogerentur,
521 3193 574 3253 per
601 3173 706 3235 decem
734 3191 845 3252 nempe
867 3172 947 3250 dies,
973 3182 1007 3234 ut

29 3257 121 3341 aliqui
136 3265 278 3337 censent,
292 3267 344 3322 aut
358 3280 411 3340 per
424 3261 528 3341 viginti
542 3261 587 3322 vel
602 3262 655 3341 piar
673 3280 823 3338 mensem,
838 3260 1006 3322 seeundum

29 3348 114 3436 alios.
131 3350 169 3409 Et
190 3367 264 3410 casu
292 3368 355 3428 quo
376 3368 429 3429 per
443 3368 581 3413 mensem
606 3369 638 3412 se
664 3356 802 3430 putarent
829 3351 860 3411 in
880 3348 1006 3411 eeclesia

59 3595 82 3642 t.
101 3549 155 3644 Lib.
170 3594 194 3654 3,
210 3593 303 3644 n0t58.
394 3650 397 3657 Ι
