2384 4138
188 186 227 243 56
267 240 270 245 ,
513 199 550 243 nn
571 199 663 246 mnus
683 199 838 245 nannents.

190 312 323 373 Sanchez
345 330 415 373 cum
441 312 506 374 aliis
521 318 542 373 ¹.
560 316 699 376 Attamen
712 314 810 396 prima
830 313 981 375 sententia
999 317 1085 374 certo
1099 329 1154 392 pr·

190 400 328 461 babilitor
341 400 458 461 videtur
476 402 507 461 S.
525 402 669 481 Lignorio
684 408 707 479 ²,
723 401 831 482 siquis
852 419 889 462 ex
910 401 1039 481 positivo
1062 400 1164 462 affeci·

190 488 228 548 ad
253 488 409 550 libidinem
429 489 557 551 alterurn
584 490 622 550 ad
636 490 829 571 peccandum
853 489 1156 562 inducere13secus

190 595 228 638 ex
244 578 304 639 alio
328 596 419 657 pravo
434 578 504 640 linc.
518 578 577 639 Sed
597 579 627 639 in
644 579 729 660 praxi
743 577 868 640 difficile
880 578 998 639 videtur
1011 577 1098 658 quod
1111 596 1149 637 n·

191 666 314 727 inducat
333 685 371 727 ex
385 666 511 746 positivo
533 666 642 728 ellectu
670 668 707 728 ad
736 667 914 742 libidinem,
942 666 1079 727 dubitari
1101 684 1143 728 ve

159 834 162 839 θ
191 755 297 833 nequit
311 754 386 834 quin
400 760 505 833 peccet
519 760 624 817 contra
635 757 813 825 castitatem,
830 756 964 834 itemque
976 762 1086 815 contra
1097 754 1168 815 ch'

191 841 319 902 ritatem.
333 845 564 921 insuper,juxta
578 843 659 904 idem
674 845 705 904 S.
722 845 833 923 Liguor
848 863 855 904 :
877 865 893 901 «
913 843 1047 903 Omnino
1062 849 1152 904 tene

195 952 210 987 a
230 930 304 990 dum
320 949 389 991 oum
406 930 607 992 Salmantic...
624 939 727 993 contra
750 950 878 1012 paucos,
898 929 1095 1011 sacrilegium
1113 933 1164 990 ut

195 1040 211 1076 r
231 1037 291 1098 que
304 1020 492 1081 committere
513 1020 687 1100 religiosum
702 1023 755 1099 qui
770 1038 890 1082 morose
912 1019 1117 1080 delectaretur
1144 1025 1163 1072 ι’

195 1130 211 1165 «
233 1113 356 1187 peccato
370 1108 500 1168 carnalis
519 1107 657 1183 alterius,
668 1108 715 1169 vel
732 1109 784 1189 qui
807 1107 937 1170 alterum
950 1108 1013 1169 suis
1028 1106 1139 1168 manib

194 1218 210 1253 «
231 1194 392 1274 pollueret,
406 1196 496 1256 etiam
517 1196 582 1257 sine
596 1214 650 1257 sua
662 1197 840 1277 pollutione.
856 1218 872 1254 »

232 1287 300 1345 lla.
323 1288 355 1343 2⁰
379 1283 469 1345 Circa
497 1284 594 1345 locum
618 1286 821 1347 committitur
835 1285 1030 1365 sacrilegium
1046 1283 1153 1364 quand

191 1379 274 1433 actus
287 1389 434 1433 venereus
460 1373 490 1432 in
507 1372 572 1434 loco
587 1391 673 1436 sacro
691 1374 823 1437 exterius
837 1381 996 1435 exercetur
1008 1372 1059 1435 vel
1084 1391 1151 1434 exe

190 1460 251 1521 ceri
266 1458 465 1523 desideratur.
864 1534 866 1537 ¹
1153 1458 1159 1473 ⁴

230 1548 286 1609 Per
301 1548 401 1609 locum
416 1566 537 1611 sacrum
562 1550 612 1611 hic
627 1550 805 1631 intelligilur
822 1550 960 1625 ecclesia,
980 1550 1074 1611 etiam
1097 1549 1154 1610 sim

191 1635 306 1715 pliciter
317 1635 476 1697 benedicta
490 1645 521 1699 et
535 1657 620 1699 sacro
634 1639 730 1700 cultui
746 1638 900 1719 deputata,
912 1657 930 1699 a
943 1645 1022 1699 tecto
1034 1636 1156 1700 interio

190 1724 336 1804 usquead
352 1725 574 1804 pavimentum;
595 1728 665 1789 item
690 1727 861 1790 coemeteria
875 1734 903 1787 et
921 1727 1048 1806 capellae
1065 1725 1104 1787 ad
1118 1727 1156 1786 n.

189 1812 307 1874 cultum
323 1814 458 1893 Episcopi
474 1816 650 1877 auctoritaie
661 1815 823 1896 deputatae,
840 1820 874 1876 ut
888 1815 951 1876 lieri
966 1815 1042 1876 solet
1053 1814 1087 1874 in
1100 1814 1134 1874 h·

191 1900 343 1981 pitalibus‚
359 1903 539 1978 seminariis,
551 1903 703 1984 collegiis,
719 1911 777 1964 etc.
796 1904 895 1965 Veluti
910 1922 980 1964 vero
1004 1921 1092 1964 sacra
1107 1903 1130 1962 l·

190 2007 251 2050 non
275 1998 345 2052 sunt
368 1990 509 2053 habenda
532 1993 667 2054 ecclesiae
691 1992 827 2055 nondum
850 1992 1037 2066 benedictae,
1061 1992 1164 2053 sacris

188 2079 255 2151 tiae,
290 2079 493 2155 monasteria,
539 2081 736 2157 dormitoria,
772 2080 914 2143 cubicula
942 2081 1154 2161 religiosorum

188 2174 301 2229 tectum
325 2187 417 2248 supra
434 2169 611 2243 ecclesiam,
635 2169 747 2231 chorus
772 2169 951 2230 monialium
978 2169 1017 2229 ab
1043 2167 1148 2231 ecclesi

188 2263 361 2335 separatuS,
378 2275 434 2318 nec
461 2275 532 2318 cum
556 2276 592 2319 ea
619 2257 819 2330 benedictus,
845 2275 943 2318 caveae
964 2247 1162 2318 subterrane:⁴

189 2344 245 2405 nisi
258 2345 319 2405 sint
339 2344 375 2405 ad
397 2345 533 2421 fidelium
547 2346 733 2426 sepulturam
747 2345 914 2419 destinatae,
931 2351 1030 2406 turres
1043 2362 1148 2424 campa

189 2451 313 2507 narum,
327 2434 420 2511 janua
435 2439 518 2495 extra
533 2433 629 2496 limen
654 2434 789 2495 ecelesiae
802 2436 830 2508 ³3
854 2433 984 2494 oratoria
1003 2433 1070 2494 sine
1087 2431 1139 2513 Epi

188 2522 255 2614 cppi
282 2523 457 2583 auctoritate
482 2530 604 2600 erecta,
628 2530 680 2585 aut
709 2541 770 2582 non
795 2521 964 2595 benedicta,
980 2538 1039 2583 nec
1067 2520 1154 2582 divin

188 2609 282 2670 cultui
307 2609 497 2688 mancipata,
524 2611 641 2671 tametsi
663 2629 698 2672 ex
723 2609 754 2673 S.
772 2609 926 2672 Pontificis
951 2614 1005 2670 aut
1025 2609 1145 2690 Episco

158 2764 160 2769 ,
190 2697 310 2758 licentia
324 2697 477 2759 interdum
494 2698 569 2758 inibi
583 2698 751 2760 celebretur
762 2701 783 2758 ⁵.

230 2805 297 2865 lla.
320 2803 366 2864 Ex
379 2822 446 2883 cap.
472 2804 581 2880 unico,
610 2805 793 2865 liecensem.
816 2802 977 2865 Ecclesia
997 2805 1041 2879 6⁰,
1057 2808 1154 2882 cteap.

189 2889 387 2969 Ecclesiisto,
401 2892 442 2954 lle
452 2901 624 2967 consecrat,
640 2893 709 2954 dist.
726 2896 756 2969 l,
774 2911 836 2954 non
850 2892 949 2967 solum
964 2892 1109 2972 sacrilega
1127 2916 1131 2926 ·
1154 2911 1156 2936 ι

221 3127 244 3174 1.
262 3123 324 3174 Huic
334 3123 443 3174 adliaerat
454 3123 504 3173 ult.
522 3123 571 3174 llll.
587 3123 693 3173 Bourier
704 3127 759 3186 post
771 3121 885 3179 Billuart,
899 3121 973 3180 Bene,
989 3126 1038 3170 etc.
1053 3121 1105 3181 (Dt'a
1121 3146 1130 3161 a
1145 3141 1146 3150 ¹

188 3197 216 3246 in
227 3199 334 3257 sextum,
350 3211 374 3259 p.
393 3195 432 3257 38)
447 3194 552 3244 dicendo
568 3194 634 3258 qiiud
655 3193 775 3252 scandali,
797 3207 846 3242 non
863 3199 945 3241 antem
960 3190 1085 3254 sacrilegii
1095 3186 1143 3254 jn'

190 3268 267 3318 canda
285 3267 317 3316 sit
335 3281 438 3332 persona
459 3265 573 3328 religiosa
595 3280 658 3330 quae,
671 3264 726 3314 sine
739 3263 837 3328 proprio
850 3262 954 3312 luxuria
966 3268 1078 3325 peccalo,
1091 3274 1139 3310 can

190 3343 255 3389 casei
266 3338 333 3403 quod
349 3337 396 3386 alia
411 3351 514 3401 persona
533 3341 618 3386 contra
637 3336 773 3385 castitatem
793 3339 919 3399 peccaret:
930 3333 997 3398 quia,
1011 3332 1099 3398 inquit,
1111 3330 1142 3379 ht

190 3423 294 3473 persona
308 3408 431 3472 propriam
444 3422 495 3456 non
508 3407 615 3457 alienam
627 3407 695 3456 vovit
706 3406 853 3456 castitatem.

221 3479 244 3527 2.
264 3479 331 3528 Libr.
347 3479 371 3537 3,
386 3488 412 3527 n⁰
428 3478 483 3528 itt.

185 3610 189 3615 ι
220 3549 243 3598 3.
262 3549 319 3599 llaec
332 3555 414 3600 tanien
427 3564 477 3599 non
489 3553 548 3597 sunt
560 3547 705 3613 applicanda
719 3546 847 3613 privilegia
860 3545 1054 3596 immunitatum.

221 3621 244 3669 l.
263 3620 298 3669 lta
310 3619 415 3684 Sylvius,
429 3633 468 3685 ap.
480 3619 571 3677 Callet,
584 3621 619 3671 De
630 3620 759 3683 Deculopn,
772 3624 819 3670 art.
829 3617 857 3681 ὃς
869 3623 895 3667 et
908 3617 934 3668 S.
948 3616 1061 3682 Lignor,
1075 3615 1115 3667 lib.
1131 3616 1135 3627 '

191 3700 218 3738 n⁰
231 3689 285 3740 ltu.
458 3724 460 3733 ,
