2362 4094
427 129 521 177 usrur
542 130 575 175 n.
956 116 995 179 93

19 277 33 314 α
52 255 104 336 pe)
121 254 227 336 prima
235 255 299 318 vice
313 273 402 318 suum
414 273 541 336 pravum
554 256 690 319 habitum
705 255 903 331 contitetur..‚
917 257 995 318 bene

13 364 31 401 a
51 351 154 425 potest
176 344 309 417 absolvi,
336 344 453 405 etiamsi
483 343 564 406 nulla
591 344 762 406 emendatio
788 345 993 424 precesserit,

17 450 31 490 r
49 431 147 494 modo
162 450 230 493 eam
247 433 326 494 serio
348 438 497 513 proponat
501 479 561 494 .....
588 431 745 494 Reeirlivus
760 439 899 495 autem„
919 479 927 506 ‚
942 433 995 512 qui

13 514 31 578 'a
51 529 119 600 post
134 521 362 583 contessionem
378 521 408 581 in
424 521 531 582 eadem
543 528 663 601 peecata
677 520 812 602 relapsus
825 527 906 583 est...
932 539 995 581 non

18 630 33 667 s
51 615 152 688 potest
168 609 279 671 absolvi
310 609 366 670 nisi
381 608 485 670 afferat
499 609 734 670 extraordinaria
758 609 843 688 signa
865 608 997 689 disposi-

21 718 34 754 (ι
53 697 202 759 tionis...
219 698 307 759 Ratio
319 704 364 759 est
376 699 461 777 quia,
473 702 507 759 ut
519 696 721 758 confessarius
737 697 829 776 possit
843 696 996 777 poenitep-

20 790 114 846 rtem
140 784 317 860 absolvere,
347 785 439 847 debet
465 802 530 847 esse
561 783 715 846 moraliter
740 784 839 847 certus
861 785 900 847 de
930 786 997 865 ejus

20 893 34 930 r
52 872 269 954 dispositione;
279 873 506 954 undequamvis
518 879 668 954 peccator,
686 874 784 953 prima
798 874 864 936 vice
874 892 906 935 se
921 891 996 934 con-

22 960 165 1040 sidens,
190 961 362 1024 censendus
386 962 423 1022 sit
446 961 627 1041 dispositus,
655 980 692 1022 eo
713 961 833 1042 quod..·
864 961 944 1023 nulla
968 962 995 1022 ei

23 1048 155 1111 «obstet
180 1049 376 1130 praesumptio
391 1050 423 1109 in
445 1050 646 1123 contrarium,
669 1060 770 1112 tamen
793 1049 916 1131 quando
931 1051 995 1129 jam

24 1157 38 1195 u
55 1136 85 1197 in
101 1137 161 1198 alia
177 1137 379 1210 confessione,
400 1138 465 1217 ipse
478 1137 534 1199 luit
547 1136 721 1200 admonitus
740 1147 770 1200 et
782 1138 889 1200 eodem
906 1137 998 1201 modo

25 1246 39 1281 u
56 1225 148 1296 cadit,
168 1227 252 1288 nullo
266 1225 401 1287 adhibito
416 1232 538 1298 conatu,
554 1232 584 1287 et
597 1225 683 1287 nullo
697 1226 821 1308 impleto
830 1245 867 1289 ex
890 1225 998 1288 mediis

26 1332 39 1369 a
58 1314 74 1373 t
87 1313 277 1376 confessario
301 1314 495 1395 praescriptis,
509 1313 652 1394 frequens
665 1314 714 1376 ille
728 1315 864 1395 relapsus
874 1315 997 1395 signum

27 1400 184 1481 «praebet,
199 1402 244 1463 vel
259 1402 365 1464 saltem
376 1402 558 1481 prudentem
570 1401 620 1462 dat
635 1402 842 1484 suspicionem
854 1402 936 1488 quod
944 1420 997 1464 sua

27 1510 40 1544 ι(
59 1491 238 1568 poenitentia
261 1492 376 1551 nonsit
403 1509 491 1552 vera:
508 1490 560 1571 qui
580 1491 664 1551 enim
693 1491 780 1552 firme
801 1491 995 1573 proponit...

28 1575 43 1633 i
61 1594 124 1638 rem
139 1577 197 1640 sibi
219 1577 372 1640 moraliter
388 1578 575 1658 possibilem,
592 1581 708 1640 nonita
727 1579 816 1642 iacile
828 1581 873 1644 sui
887 1598 999 1662 propo-

28 1684 41 1719 r
60 1665 106 1727 siti
120 1665 320 1748 obliviscitur,
338 1666 391 1728 se'd
405 1667 511 1729 saltem
525 1668 580 1746 per
585 1667 715 1748 aliquod
730 1674 851 1749 tempus
861 1687 999 1750 perseve-

28 1772 42 1807 r
60 1763 116 1829 rat,
132 1762 163 1816 et
175 1753 329 1816 dillicilius
343 1763 396 1816 aut
412 1755 508 1817 rarius
519 1755 599 1818 eadit
615 1759 635 1816 ¹.

63 1871 77 1908 r
99 1852 211 1915 Dicunt
225 1851 431 1928 veroSanch.‚
448 1852 658 1932 Laymunn....
681 1853 775 1934 quod,
793 1853 839 1916 bis
854 1872 916 1916 non
932 1855 1000 1915 obs·

31 1957 43 2021 r
61 1939 204 2014 tantibus,
219 1941 296 2002 bene
310 1941 420 2022 poterit
432 1940 544 2002 absolvi
554 1940 704 2005 recidivus
714 1960 812 2023 usque
827 1943 864 2004 ad
880 1944 999 2005 tertiam

31 2045 43 2078 r
60 2026 103 2086 vel
119 2033 262 2109 quartam
274 2028 383 2101 vicem,
399 2029 516 2090 etiamsi
529 2029 637 2090 eodem
653 2029 745 2091 modo
768 2031 905 2111 relapsus
919 2031 958 2092 sit
971 2039 1000 2093 et
1043 2105 1046 2112 ¹

31 2116 180 2189 inultum
204 2115 375 2195 adhibuerit
397 2117 578 2194 remedium.
606 2120 742 2180 Veneror
762 2124 917 2182 tantorum
932 2121 994 2179 bl).

32 2219 44 2256 r
62 2201 345 2278 auctoritatemsed
357 2222 414 2285 ego
425 2222 532 2289 eorum
547 2205 682 2287 opinioni
694 2224 851 2287 nunquam
861 2208 999 2288 acquies·

32 2295 227 2373 «cerepotui
244 2293 384 2361 :etenim
407 2311 479 2355 cum
504 2294 654 2374 poenitens
677 2294 741 2374 jam
767 2294 855 2356 fuerit
882 2295 913 2355 in
941 2295 1001 2357 alia

33 2379 252 2455 «confessione
266 2380 451 2455 admonitus,
462 2389 493 2443 et
506 2382 614 2444 eodem
626 2382 717 2443 modo
727 2382 912 2459 reincidunt,
927 2386 1001 2446 nul·

32 2486 45 2521 u
63 2463 188 2548 tumque
195 2468 232 2529 ad
248 2486 280 2529 se
294 2469 520 2532 emendandum
531 2479 676 2534 conatum
691 2470 874 2547 adbibuerit,
894 2473 1000 2536 eadem

13 2550 47 2607 'r
64 2557 196 2637 suspicio
214 2556 320 2638 'ulique
343 2554 471 2635 recurrit
498 2577 559 2643 qua
586 2559 620 2620 fit
648 2568 682 2621 ut
706 2560 909 2623 confessarius
939 2581 1000 2624 non

34 2660 47 2695 t
64 2645 155 2721 possit
166 2643 277 2706 habere
285 2645 324 2706 de
334 2646 400 2725 ejus
414 2645 664 2726 dispositionibus
679 2647 826 2710 moralem
849 2651 1002 2713 certitudi-

36 2747 48 2782 (ι
66 2747 145 2807 nem,
160 2732 361 2819 sufficientem
374 2735 537 2814 respective
548 2735 584 2796 ad
600 2735 657 2798 boc
665 2745 886 2799 sacramentum
900 2742 923 2800 ².
942 2762 957 2797 s

67 2820 132 2882 tro.
158 2821 309 2894 Diximus,
324 2822 387 2883 πίει·
398 2821 506 2901 ollium
519 2823 765 2886 extraordinaria
778 2826 864 2909 sr'prm
882 2826 1003 2908 disposi-

60 3050 81 3097 l.
98 3047 177 3104 Serus
190 3064 251 3119 ergo
263 3058 329 3104 esset
340 3050 475 3113 dicendum
489 3051 510 3102 si
521 3050 644 3124 pauitans
667 3061 723 3120 post
742 3053 933 3117 absolutionem,
952 3072 1003 3108 nou

36 3116 112 3170 todem
122 3123 200 3174 modo
208 3124 356 3174 reincideret
366 3123 391 3172 in
403 3123 595 3189 peccatum,sed
607 3139 692 3175 rerum
703 3131 819 3177 conatum
834 3127 865 3177 ad
875 3141 903 3177 se
915 3142 1003 3178 ernen-

36 3183 134 3253 tltndurn
160 3192 299 3255 adhiberet,
315 3194 348 3244 ita
362 3200 390 3244 ut
400 3208 443 3263 per·
457 3200 552 3246 certum
565 3196 684 3262 temporis
700 3197 806 3260 spatium
821 3196 845 3246 in
858 3194 936 3263 gratio
947 3214 1002 3264 per·

36 3268 158 3325 sareiaret,
173 3276 233 3330 rxg.
247 3262 500 3330 pertoautetdies
526 3314 529 3320 ,
782 3324 787 3332 ,

46 3328 83 3380 '2
100 3332 219 3387 llanrnata
234 3336 281 3385 luit
292 3334 324 3386 ob
337 3334 483 3386 innocentio
505 3334 535 3386 lll
548 3336 685 3405 propositio
698 3351 805 3403 sequens
819 3356 825 3389 r
841 3357 851 3385 r
870 3337 1004 3389 Poeniteuti

37 3392 126 3477 heberti
139 3407 349 3458 consuetudinem
360 3406 481 3471 peccandi
493 3412 578 3457 contra
592 3408 671 3473 legem
687 3407 740 3469 liei,
754 3416 848 3459 natura
859 3416 902 3459 sut
918 3409 1004 3462 Eccle-

39 3477 81 3531 ΒΜ,
96 3477 139 3527 etsi
151 3477 334 3528 emendationis
346 3488 405 3543 spes·
416 3475 484 3527 nulls
495 3485 620 3543 appareat,
644 3493 690 3529 nec
703 3485 741 3529 est
750 3480 864 3544 neganda
872 3495 918 3531 neo
930 3480 1004 3533 diffs-

39 3543 105 3595 renda
127 3548 273 3600 absolutio.
299 3547 436 3619 dummodo
459 3563 502 3599 ore
525 3547 634 3614 proterat
656 3564 688 3600 so
707 3547 792 3601 dolere
813 3556 837 3601 et
866 3566 1004 3617 proponere

40 3617 241 3673 succussionem.
253 3636 270 3666 ι·
280 3619 323 3672 Est
334 3614 471 3684 propositio
484 3619 523 3670 60.
