2378 4102
197 154 254 214 180
532 169 571 214 na
592 169 684 216 nanus
704 171 859 218 1111111111.

198 311 213 347 a
233 287 396 351 declaravit
425 289 669 352 Poenitentiarius
695 291 791 369 major
810 290 898 352 Gard.
923 288 962 351 de
982 291 1130 370 Gregorio

197 399 212 434 1
233 377 440 440 admonitione
454 378 492 440 ad
503 377 640 458 praefatas
654 381 685 440 S.
706 379 935 441 Poenitentiariae
948 380 1082 460 responsi

197 487 212 523 a
233 467 373 546 quamvis
384 467 474 529 addat
496 469 527 529 S.
544 468 805 530 Poenitentiariam
817 467 873 530 hac
885 467 925 530 de
939 486 973 529 re
985 467 1099 530 decisio

197 576 212 612 (1
232 554 305 616 dare
318 574 473 617 recusasse
487 560 533 617 ¹.»

233 654 303 713 311.
324 654 446 724 Quaerit.
463 658 495 714 2⁰
514 676 529 711 11
547 657 592 713 an
608 661 712 734 peccet
725 672 801 716 uxor
815 672 1002 716 consensum
1018 654 1119 715 intera

197 762 212 797 a
232 740 377 821 voluptati
406 741 591 823 praebenda,
619 742 743 822 quando
767 750 866 804 actum
893 742 1089 823 conjugatem
1111 743 1138 804 ν’

197 851 212 886 a
232 830 381 891 onanistre
396 832 575 915 permittere
591 831 711 910 potest?

236 921 362 999 «Resp.
385 919 544 1000 Negotium
572 920 666 982 modo
695 927 818 1001 peccato
842 919 897 981 viri
921 938 1082 982 assensum

196 1029 211 1066 a
232 1007 375 1087 praebeat.
393 1009 478 1069 Ratio
489 1015 545 1083 est,
562 1009 634 1090 quia
647 1027 718 1070 cum
734 1009 860 1070 minime
874 1020 980 1089 peccet
994 1015 1096 1071 actum
1113 1008 1134 1069 11

196 1117 211 1152 1
230 1095 363 1172 Jusmodi
380 1096 596 1178 permittendo,
617 1115 716 1177 aeque
739 1104 844 1177 peccat
868 1096 1055 1177 voluptatem
1077 1115 1113 1158 ea

196 1205 212 1241 11
232 1185 461 1264 provenientem
481 1184 681 1258 admittendo,
696 1186 834 1265 quamvis
853 1185 992 1264 praesciat
1006 1186 1105 1247 virum

196 1294 212 1330 1
233 1272 338 1352 palam
362 1292 423 1335 aon
439 1291 506 1334 esse
526 1273 747 1353 perfecturam:
764 1280 848 1336 actus
858 1274 942 1335 enim
958 1273 1010 1335 iile
1024 1284 1070 1336 est
1081 1326 1084 1331 .
1096 1275 1126 1334 in

197 1383 212 1419 1
232 1360 380 1424 honestus
393 1369 424 1424 et
440 1362 540 1425 licitus
555 1363 689 1435 mulieri,
705 1370 734 1425 et
746 1381 801 1443 per
811 1380 879 1424 eam
904 1380 967 1424 non
978 1369 1037 1424 stat
1051 1379 1153 1443 quom,

120 1514 123 1527 ¹
196 1471 212 1507 11
234 1451 411 1527 1111111111
425 1451 519 1513 modo
539 1451 751 1531 perficiatur...
766 1455 777 1486 ²
791 1473 806 1509 n

503 1698 504 1701 ,
606 1649 761 1697 scnemata.

234 1778 304 1841 315.
328 1776 487 1850 Quomodo
507 1795 539 1838 se
551 1795 656 1858 gerere
671 1777 780 1838 debeat
794 1776 998 1840 confessarius
1020 1796 1092 1858 erga

197 1869 325 1929 nitentes
338 1867 439 1948 quoad
456 1884 547 1927 usum
562 1867 744 1927 matrimonii
756 1866 771 1927 1

235 1957 325 2036 Resp.
336 1957 391 2019 Vei
405 1956 443 2017 de
457 1955 517 2016 hoc
528 1954 730 2016 confessarius
742 1974 759 2015 a
772 1953 937 2036 poenitente
956 1954 1145 2035 interrogata

197 2046 242 2108 ret
256 2046 418 2126 poeaitens,
433 2044 486 2125 qui
505 2049 607 2106 tamen
622 2051 666 2106 est
680 2044 873 2107 matrimonio
884 2044 1062 2121 obstrictus,
1077 2044 1141 2106 altu

195 2136 234 2197 de
248 2154 284 2197 eo
299 2141 397 2196 servat
411 2133 579 2195 sitentium.

237 2237 270 2295 ln
283 2233 384 2314 primo
408 2251 487 2305 casa,
504 2232 528 2292 si
549 2230 700 2311 poenitens
715 2231 851 2293 nondum
867 2231 905 2292 sit
918 2232 1067 2312 conjugio
1085 2232 1139 2294 inu

197 2323 297 2398 datus,
312 2321 480 2402 prasertim
495 2321 518 2380 si
532 2319 632 2399 puelia
643 2320 681 2380 sit
692 2320 827 2400 proxime
843 2325 987 2400 nuptura,
1005 2321 1093 2382 vaide
1110 2341 1130 2400 p

198 2413 304 2473 denter
332 2428 366 2471 ac
394 2410 615 2489 circumspecte
639 2407 842 2470 confessarius
867 2407 1033 2488 procedere
1060 2409 1152 2471 debet

175 2506 177 2511 ’
199 2518 310 2580 nempe
324 2498 470 2579 primum,
486 2495 578 2557 modo
592 2496 727 2576 generali
745 2496 900 2576 loquendo
920 2501 1053 2568 tantum,
1069 2515 1127 2559 nec

200 2588 390 2668 particularia
400 2584 613 2648 descendendo
631 2585 687 2646 nisi
702 2587 912 2665 interrogatae,
925 2603 964 2645 ne
979 2587 1145 2666 poenitente

201 2676 392 2739 scandalizet.
409 2676 459 2737 Sic
472 2682 574 2736 autem
587 2678 683 2754 potest
698 2672 832 2754 puellam
848 2672 960 2753 alioqui
978 2693 985 2733 :
1006 2676 1142 2745 «Sancta

206 2789 220 2821 1
242 2772 287 2826 est
310 2764 563 2837 matrimonium,
591 2769 775 2843 vocaturque
804 2761 841 2821 ab
865 2762 1011 2842 apostolo
1032 2762 1145 2844 Mapau

147 2920 150 2924 A
207 2877 222 2912 11
240 2852 462 2914 Sacramentum
476 2853 509 2911 c'n
525 2850 645 2912 Christo
659 2856 687 2910 ct
701 2849 734 2910 in
748 2849 880 2911 Ecclesia
896 2869 905 2922 3
921 2848 1063 2930 adeoque
1077 2869 1147 2913 sanc

208 2964 223 3001 (1
243 2943 274 3005 11
290 2943 348 3005 hoc
361 2959 447 3002 sacro
463 2940 585 3001 vinculo
600 2938 762 3000 vivendum
781 2944 834 3003 est.
854 2941 919 2999 Non
935 2940 1040 3000 omnia
1062 2958 1132 3002 sane

209 3056 224 3091 1
244 3031 386 3112 conjugio
406 3031 485 3091 licita
500 3033 583 3103 sunt,
600 3028 651 3089 sed
664 3046 699 3089 ea
714 3034 831 3111 11111111
846 3044 914 3107 quae
930 3026 969 3088 ad
989 3027 1073 3090 ittius
1087 3028 1143 3090 tiae

210 3145 225 3183 1
245 3122 431 3185 conducunt.
460 3117 638 3178 Generatim·
658 3115 861 3178 obedientiam
876 3116 940 3176 uiro
967 3122 1020 3177 tuo
1040 3123 1143 3197 praesta

211 3236 221 3268 1
246 3212 350 3282 debes,
367 3209 424 3270 nisi
438 3207 517 3268 ctare
532 3206 685 3286 intelligas
703 3197 818 3284 aliquid
832 3204 901 3263 mati
918 3204 1044 3285 praecipi
1056 3212 1130 3267 auto

211 3324 226 3360 1
247 3297 403 3381 postulari.
421 3290 584 3370 Notardes',
600 3311 719 3374 quaeso,
737 3293 908 3354 adsacrum
924 3288 1156 3372 poenitentiaetr'

210 3413 226 3448 a
246 3388 339 3450 bunal
356 3387 465 3447 iterum
480 3383 643 3458 accedere3
667 3389 742 3444 tunc
755 3389 856 3445 autem
871 3384 896 3442 si
916 3380 1080 3444 difficultas
1092 3402 1131 3464 qu

237 3593 260 3641 1.
273 3591 474 3654 Jurttficationde
485 3590 511 3641 S.
529 3589 637 3653 11111111,
652 3605 676 3654 p.
689 3591 745 3641 115.

124 3706 130 3719 ,
236 3661 260 3711 2.
276 3661 307 3710 Ῥ.
326 3661 398 3726 Gury,
413 3661 555 3724 compend„
565 3666 582 3708 t.
596 3661 620 3719 1,
633 3671 662 3708 aa
673 3661 729 3711 916.
