2362 4094
154 209 228 279 tili
245 229 401 307 »5:13¹
500 228 539 271 nn
560 195 652 281 aeuus
671 230 824 274 innueris.

170 349 201 409 S
217 326 332 408 'Ploma
342 321 453 406 et⁶aliis
463 344 610 425 pulribus.
626 343 742 406 Exhinc
752 344 943 406 inferendum
957 367 966 406 ι
980 351 1085 409 t⁰esse
1099 366 1146 408 ve

170 453 234 495 ram
245 434 414 496 sodomiam
433 433 464 493 in
479 434 562 495 coitu
584 433 705 494 feminae
726 432 929 497 cumiemina.
946 434 1006 497 Sed
1018 455 1080 496 uon
1093 436 1146 496 im·
1172 428 1173 489 l

170 521 364 603 probabiliter
378 529 458 585 tenet
473 521 764 598 Enneteumnetss..,
780 522 856 597 Pal,
879 523 1053 604 hujusmodi
1073 542 1145 585 con·
1171 512 1173 585 ἶ

170 611 319 684 cubitum,
334 612 424 672 ctiam
439 629 510 672 cum
526 609 635 672 affectu
649 606 688 671 ad
701 629 752 672 vas
765 619 983 691 praeposterum
1002 631 1060 674 non
1080 630 1145 673 esse
1172 648 1173 675 i

171 700 228 760 nisi
243 699 411 761 sodomiam
424 700 589 780 improprie
602 699 726 774 dictam,
741 717 813 760 cum
836 700 916 761 inter
937 700 1066 762 feminas
1084 719 1145 762 non

171 787 248 848 adsit
262 788 371 868 copula
385 787 516 869 perlecta
531 807 585 868 per
596 789 837 869 penetrationem
851 789 929 850 intra
941 809 1002 851 ras.
1171 786 1173 861 l

211 884 406 947 Infercndum
419 891 453 947 2⁰
463 903 529 947 esse
538 904 641 947 veram
653 884 822 946 sodomiam
832 903 1059 968 quemcumque
1070 905 1145 949 con·
1172 876 1173 925 3

172 975 307 1038 cubitum
323 994 394 1036 curu
409 993 537 1056 persona
552 973 687 1053 ejusdem
702 992 802 1051 sexus,
819 975 1002 1057 siveinvase
1017 993 1146 1057 praepos·
1171 970 1173 1049 j

172 1070 237 1126 tero
249 1064 310 1141 sire
325 1065 357 1125 in
380 1065 439 1125 alia
458 1070 562 1145 parte:
588 1082 625 1124 ex
640 1082 702 1143 qun
726 1062 883 1126 deducunt
895 1064 1070 1127 Salmantic.
1088 1072 1143 1126 etc.
1172 1060 1173 1135 l

172 1159 277 1215 contra
287 1152 378 1215 Graii,
390 1153 593 1217 necessarium
606 1152 1146 1232 noncsseexplicareinconfessione
1172 1154 1173 1241 i

170 1258 210 1301 an
226 1241 353 1322 pollutio
368 1242 529 1322 contigerit
544 1240 682 1302 intraret
702 1247 863 1313 extrarias,
878 1241 931 1303 sed
946 1242 1085 1304 sufficere
1102 1254 1144 1312 ut,
1172 1248 1173 1327 t

171 1329 357 1405 confitendo,
372 1330 509 1392 dicatur:
521 1329 640 1410 peccaui
654 1349 719 1390 com
731 1348 834 1410 puero.
851 1330 912 1392 Sed
922 1349 985 1392 non
998 1331 1037 1392 ab
1051 1330 1146 1391 omni-

172 1417 229 1480 bus
242 1419 412 1480 admittitur
425 1418 594 1481 sodomiam
622 1436 687 1480 esse
708 1418 882 1499 perfectam,
907 1421 932 1479 si
952 1419 1053 1481 coitus
1070 1419 1145 1479 intra

173 1525 223 1568 vas
238 1526 299 1573 non
322 1507 373 1568 liat
387 1525 458 1569 cum
474 1507 650 1587 pollutione.
676 1506 743 1567 lmo
756 1506 860 1586 plnres
880 1506 1071 1569 contendunt
1085 1526 1145 1567 non

147 1631 149 1635 .
173 1594 287 1656 incurri
301 1596 332 1672 in
347 1595 405 1659 hoc
418 1614 491 1657 casu
507 1613 611 1676 poenas
626 1601 732 1665 contra
746 1595 916 1657 sodomiam
937 1596 1012 1656 latas
1027 1601 1051 1670 ¹,
1067 1594 1145 1657 unde

172 1682 367 1745 videturesse
380 1683 636 1746 declarandalraec
650 1684 886 1757 circumstantia,
902 1689 932 1745 et
948 1683 972 1744 si
989 1701 1050 1744 non
1066 1684 1145 1745 acci-

173 1771 252 1833 derit
265 1772 402 1853 pollutio,
418 1772 476 1835 hcc
485 1773 577 1834 ctiam
591 1771 682 1835 debet
694 1770 847 1853 explicari.

214 1869 408 1932 inferendum
423 1872 453 1931 3⁰
473 1869 587 1931 coitum
602 1869 633 1929 in
648 1886 717 1929 vase
731 1874 915 1950 praepostero
929 1867 1067 1930 mulieris
1086 1886 1147 1930 esse

175 1957 360 2038 probabilius
373 1958 541 2019 sodomiam
556 1957 655 2019 solum
668 1957 760 2018 modo
774 1956 995 2037 imperfectam,
1012 1958 1113 2038 specie
1132 1974 1146 2016 a

175 2046 305 2127 perlecta
318 2046 489 2108 distinctam
498 2068 507 2120 3
524 2052 553 2107 et
567 2046 590 2106 si
604 2046 650 2106 vir
661 2045 765 2106 coierit
779 2051 862 2106 extra
877 2062 941 2120 vas,
957 2064 985 2105 v.
1004 2047 1148 2124 gr.‚inter

174 2152 274 2209 crura,
296 2134 428 2212 brachia,
446 2141 498 2196 aut
511 2135 583 2195 alias
599 2133 731 2194 mulieris
748 2141 857 2213 partes,
875 2133 936 2194 duo
949 2135 1149 2194 committeret
1171 2174 1172 2221 p

175 2230 297 2303 peccata
313 2231 417 2285 contra
430 2223 610 2295 castitatem,
626 2240 723 2283 unum
746 2220 954 2282 fornicationis
978 2222 1009 2281 in
1029 2222 1147 2293 affectu,
1171 2224 1172 2291 l

154 2300 302 2374 'alterum
323 2312 498 2393 pollutionis
521 2312 551 2371 in
572 2311 690 2373 ellectu.
706 2310 785 2370 Hine
807 2310 914 2371 dicunt
927 2310 1051 2390 Spmcr,
1074 2312 1147 2389 Lay-
1171 2354 1172 2405 p

176 2419 280 2473 mann,
305 2407 377 2475 etc,
393 2419 442 2481 ap.
466 2402 497 2462 S.
514 2398 745 2479 Ligu01·.,quod
769 2398 969 2459 confessarius
982 2399 1148 2479 intelligens
1171 2408 1172 2479 t

176 2490 334 2550 mulierem
358 2488 511 2570 cognitam
534 2488 626 2550 luisse
640 2493 723 2548 extra
737 2505 788 2548 vas
816 2485 967 2554 naturale,
990 2486 1040 2548 vel
1076 2506 1148 2569 prae

176 2586 344 2658 posterum,
370 2595 430 2640 non
445 2577 575 2658 amplius
600 2593 736 2656 quaerere
757 2575 847 2637 debet
871 2574 902 2635 in
925 2593 988 2654 quo
1003 2575 1089 2647 loco,
1111 2576 1148 2635 rel

176 2664 342 2745 quomodo.

219 2768 266 2823 An
279 2768 381 2826 auum
397 2763 521 2846 pollutio
538 2764 569 2823 in
584 2781 637 2825 ore
653 2765 691 2824 sit
704 2761 831 2823 diversae
843 2761 978 2841 speciei?
994 2761 1149 2824 Affirmant

178 2849 332 2924 nonnulli,
362 2858 502 2914 vocantes
516 2850 575 2914 hoc
593 2858 752 2932 peccatum
768 2851 1006 2911 irrumctionem.
1039 2851 1148 2913 Proba-

179 2941 268 3002 bitius
288 2940 380 3003 habet
392 2943 424 3003 S.
449 2941 571 3022 Lignor.
585 2942 609 3014 ¹,
629 2939 713 3023 quod
725 2942 761 3000 sit
776 2937 904 3020 pollutio
929 2956 1000 3000 cum
1015 2938 1148 3002 inchoata

179 3029 377 3093 fornicatione
391 3030 416 3090 si
425 3030 470 3091 vir
483 3029 632 3109 polluatur
647 3030 676 3090 in
691 3046 745 3090 orc
758 3027 893 3103 feminae3
915 3028 939 3088 si
954 3046 1026 3090 vero
1041 3029 1148 3109 pollua-

180 3120 275 3181 turin
290 3137 342 3181 ore
357 3118 459 3191 maris,
477 3118 535 3179 hcc
546 3123 591 3180 est
605 3117 741 3179 sodomia
753 3116 875 3197 proprie
888 3115 978 3178 dicta.

223 3228 292 3288 lat.
315 3226 490 3307 Disputatur
504 3243 544 3286 an
557 3225 589 3286 in
599 3229 722 3305 peccato
735 3222 880 3284 sodomiae
889 3222 1108 3302 explicandum
1120 3228 1149 3286 sit
1170 3252 1171 3259 κ

182 3332 221 3376 an
236 3314 306 3395 quis
319 3333 412 3394 agens
431 3313 522 3375 fuerit
535 3320 587 3374 aut
600 3313 728 3394 patiens.
739 3344 777 3358 -
796 3311 914 3391 Negant
925 3312 1106 3376 Salmantic.
1121 3330 1148 3373 en
1170 3324 1171 3393 p

183 3402 266 3484 quod
283 3403 381 3464 taliter
404 3409 560 3475 coeuntes,
590 3401 683 3481 pollui
698 3399 788 3462 ambo
813 3400 938 3461 soleant.
969 3402 1080 3464 Verius
1104 3404 1171 3463 hort

216 3621 240 3670 l.
256 3623 280 3670 S.
294 3619 459 3685 tignorum.
473 3621 497 3682 3,
510 3631 538 3670 n⁰
550 3620 604 3670 tit.

216 3693 231 3741 2
253 3692 323 3752 itta,
335 3689 389 3741 466.
