2362 4094
396 223 421 237 ”
454 219 566 309 ’55555
587 232 628 276 rr.¹
978 204 1033 271 la'u

49 340 402 432 agrario-cubiculum
428 368 518 412 55555
540 357 591 413 aut
605 330 711 415 locuni
729 353 879 410 secretum
902 365 953 409 eas
973 365 1033 407 non
1086 429 1091 437 ι

51 439 263 501 introducant.

86 550 168 607 ⁴2¹3.
190 545 356 606 Mortaliter
369 545 458 606 etiarn
475 541 601 625 peceant
615 565 647 608 se
663 547 810 624 jactantes
824 544 862 607 de
883 542 1034 624 turpibus,

52 652 119 696 non
132 632 234 703 solum
246 639 369 715 propter
378 633 763 706 scandalumaudientium,
778 634 830 696 sed
846 632 1035 695 facillirneolr

50 720 312 803 complacentiam
324 742 333 795 3
347 723 429 783 unde
443 724 558 805 species
570 723 684 804 peccati
698 722 923 804 dequoquisse
933 722 1034 802 jactat,

54 808 294 872 inconfessione
304 817 350 872 est
362 808 541 878 declaranda
558 809 578 872 ¹'.

37 982 44 996 ⁸
95 921 168 978 554
192 921 225 978 2⁰
235 916 322 990 Quod
341 916 432 978 modo
455 917 570 981 dicturn
595 918 809 980 luitrlererbis
823 918 975 999 turpibus
991 928 1038 982 est

52 1006 170 1099 pariter
180 1000 391 1068 dicendunrrle
403 1007 657 1086 componentibus
672 1007 716 1068 rel
731 1006 921 1068 cantantibus
937 1019 1037 1089 turpes

51 1088 258 1156 cantilenas:
262 1099 388 1181 peccant
402 1093 558 1156 venialiter
574 1093 620 1156 vol
640 1090 818 1167 mortaliter,
836 1101 925 1174 prout
938 1096 1036 1156 canti-

37 1180 254 1275 ‘lenaeleriter
268 1200 306 1242 55
323 1181 452 1262 graviter
465 1192 536 1244 5555
557 1189 680 1262 turpes;
708 1181 760 1243 secl
781 1189 862 1244 certe
886 1182 1037 1245 lethaliter

52 1278 185 1350 peccant
198 1268 272 1351 5555
275 1270 317 1331 555
339 1289 430 1349 grave
450 1270 628 1332 scandalum
651 1266 805 1371 5555555555
832 1279 875 1346 55,
896 1291 922 1332 v.
940 1288 984 1372 5.,
1011 1274 1035 1334 55

50 1357 361 1420 clericusconlic'eret
384 1364 413 1419 et
437 1359 574 1438 vulgaret
598 1358 731 1420 carrnina
747 1359 846 1420 solutu
870 1355 1034 1439 aequivoca,

51 1454 107 1509 aut
120 1465 226 1509 corani
236 1446 312 1528 aliie,
331 1446 496 1527 praesertim
510 1446 708 1524 seculaiilrus,
724 1452 893 1509 cantaret’

95 1557 167 1614 ato
192 1556 224 1614 3⁰
239 1535 352 1624 Quoad
368 1552 527 1625 lectionem
543 1553 689 1627 lituorum
713 1533 812 1634 turpia
828 1554 1034 1628 referentium

39 1661 79 1708 ,55
69 1642 144 1703 fr'at
159 1660 196 1702 ex
212 1640 348 1717 libidine,
365 1646 419 1717 555
431 1659 502 1715 curn
514 1660 597 1721 graus
589 1640 744 1722 'periculo
757 1661 790 1704 se
804 1642 893 1717 dens
907 1644 1035 1724 turpiter

40 1737 83 1793 ,et
97 1728 267 1793 voluntarie
277 1728 464 1804 delectandi,
488 1736 539 1791 aut
557 1730 771 1796 cunraliorunr
785 1749 867 1809 graur
859 1731 1033 1803 scandale,

52 1816 141 1897 quod
158 1815 246 1878 lacile
259 1816 408 1897 contingit
431 1816 554 1901 quando
571 1817 647 1878 lilrri
669 1824 741 1879 sunt
763 1820 894 1880 rrrulturn
908 1818 1034 1920 'turpes

51 1911 138 1967 certe
154 1910 200 1965 est
214 1903 322 1967 lethale
333 1911 502 1987 5555555555
516 1906 546 1967 55
561 1924 632 1967 uero
646 1925 683 1967 ex
698 1906 761 1967 sola
775 1907 957 1989 curiositate,
970 1909 1036 1970 sine

50 1992 137 2072 55555
152 1990 350 2054 delectatione
365 2002 393 2053 el
408 2012 447 2092 pr
444 2011 544 2055 oxrruu
558 1995 623 2072 ejus
639 1995 784 2074 periculo,
813 1997 929 2058 veniale
952 1996 1034 2058 51555-

50 2087 139 2141 taxat
152 2080 209 2141 erit
221 2098 317 2160 pecca
318 2086 407 2147 tuztu
424 2080 467 2142 sic
481 2080 595 2165 absque
609 2082 699 2163 culpa
714 2083 794 2163 gravi
821 2083 994 2167 leguntur'
988 2105 1034 2145 555-

50 2167 180 2230 terdum
195 2165 298 2237 inultae
322 2171 487 2255 tragoediae,
504 2173 623 2253 aliaque
637 2178 775 2252 poemata
788 2172 874 2234 55155
888 2172 924 2234 arl
940 2173 1035 2236 libidi-

51 2273 129 2316 rrern
145 2276 207 2321 non
220 2262 406 2323 exorientia
425 2261 488 2336 sed,
519 2261 636 2335 sedulo,
664 2262 934 2345 quantunruulent,
959 2283 1034 2325 cou-

51 2341 171 2406 lessarii
190 2346 227 2408 ab
242 2347 417 2427 hujusmodi
438 2340 618 2433 lectionibus
636 2358 677 2410 55
689 2349 783 2423 5555555,
804 2349 897 2452 uulgp
917 2371 1034 2413 55555555·

38 2430 156 2514 uictis,
173 2445 357 2536 5555555555,
376 2439 562 2519 praesertinr‘
553 2457 679 2538 5555555
694 2438 746 2519 555
768 2439 805 2500 in·
820 2439 856 2499 iis
880 2458 941 2500 non
963 2445 1034 2502 satis

51 2519 223 2600 lugenrlenr
238 2524 348 2587 5555555
363 2545 425 2591 suae
435 2525 558 2587 ruinani
572 2526 707 2587 iuvenire
721 2527 846 2588 solent
1115 2522 1116 2526 ’

95 2634 167 2691 355.
192 2633 302 2712 legere
315 2639 417 2695 autern
429 2632 523 2694 libros
536 2633 730 2707 5555555555,
720 2642 833 2713 55555555
845 2635 884 2696 ob
895 2652 1030 2711 55555555,

49 2738 81 2780 v
97 2739 129 2799 g.
146 2718 309 2800 555-551555
325 2719 548 2785 eflornrancluur
562 2726 592 2782 et
606 2721 837 2823 perficiendum,
852 2723 889 2785 acl
912 2724 1032 2787 discen-

47 2809 126 2870 dam
153 2807 285 2885 lristoriee
307 2810 473 2885 5555555555,
492 2809 534 2873 orl
554 2811 724 2896 superiores
747 2811 776 2872 iu
780 2811 968 2889 territandos,
993 2815 1031 2875 ad

48 2895 252 2975 corrigendos
263 2915 373 2973 meree,
384 2905 456 2967 eto
473 2897 643 2963 5555555555
630 2905 823 2980 tpeoeatunr,
835 2902 1032 2985 5555555555-

50 2986 112 3046 lius
127 3003 189 3049 non
203 2987 401 3049 assentiatur:
412 3006 490 3071 raro
507 2992 607 3053 5555555
621 2987 721 3051 clerici
732 2988 844 3052 utiliter
858 2991 1033 3093 hujusmodi

49 3073 239 3136 lectionibus
260 3094 365 3143 uacare
377 3062 513 3158 possunt,
531 3074 588 3141 nisi
599 3077 675 3154 jussi
692 3077 727 3138 iis
743 3078 932 3155 incumbant,
947 3081 1029 3161 quia,

51 3164 155 3245 inquit
170 3164 231 3227 uu.
248 3166 311 3227 DD.
330 3164 1033 3249 35555555,555.55555555555555555555555555515·

48 3260 138 3335 poat,
154 3251 201 3313 uel
211 3252 383 3315 scandalum
392 3253 665 3335 alr'isproebent;utl
674 3256 769 3317 miuus
776 3255 845 3318 inde
858 3268 1028 3337 sequautur,

50 3350 86 3404 at
97 3341 285 3422 experientia
306 3351 431 3418 coartat,
446 3342 569 3406 5555555555
585 3344 721 3425 pietatis,
736 3345 920 3427 incapacitas
935 3347 1031 3419 labori

85 3581 108 3629 l
129 3577 279 3644 SMnguor
293 3578 349 3630 ibid.

83 3651 108 3774 ξ.
127 3650 197 3783 5555,
200 3650 375 3770 5353555555,
369 3650 441 3712 ,totu
446 3667 490 3716 ,5.
506 3649 566 3710 103;
579 3648 604 3700 S.
621 3649 732 3714 Ligure,
746 3648 789 3701 lib.
804 3651 826 3713 3,
840 3663 867 3700 a⁰
879 3653 932 3701 tao.
