2378 4102
8 246 10 337 t
364 267 458 311 raom
479 254 716 320 amensamens.
971 259 1029 316 227

45 383 88 435 An
108 383 239 453 gaudium
258 385 292 441 de
304 386 413 458 objecto
428 388 499 444 maio
518 388 553 442 sit
568 388 694 444 iiiioitum
716 405 781 445 casu
803 405 859 460 quo
878 404 1029 445 consensus

8 466 10 483 ²
44 461 220 519 solummodo
241 473 389 538 praestatur
407 467 601 533 conditionate,
615 470 675 524 495.
699 472 740 524 An
757 469 837 524 tieeat
854 468 974 539 gaudere
995 468 1029 525 de

8 604 10 621 ι
44 541 120 598 hono
130 544 229 601 effectu
245 563 277 601 ex
288 562 371 619 opere
386 547 455 602 malo
470 555 574 616 secuto,
592 550 603 602 4
609 551 653 603 97.

81 659 241 714 Gonorrdoo.
262 664 303 716 An
328 661 408 717 iioeat
425 663 501 718 ooire
521 678 583 719 cum
608 680 693 720 uxore
712 664 864 736 gonorrhea
884 682 932 722 seu
952 665 1026 722 fluxu

43 736 108 792 albo
118 738 273 813 laborante
284 743 346 796 282.

8 878 10 881 ·
81 853 200 911 Gousset.
215 855 286 924 Quid
299 858 398 913 sentiat
411 859 485 914 eirca
500 861 640 916 oomoedos
649 869 676 916 et
690 862 847 930 histriones,
864 863 926 917 220.

79 1260 276 1335 Hermaphrodi.
297 1265 338 1316 An
353 1263 409 1318 sint
423 1264 599 1335 impotentes,
616 1265 677 1319 248.

8 1402 9 1409 1
77 1375 174 1431 Horou.
188 1380 229 1431 An
254 1377 290 1432 sit
310 1377 493 1433 absolvendus
507 1377 529 1431 si
544 1394 607 1455 oum
623 1378 776 1434 famulabus
791 1386 894 1450 paoem,
917 1381 962 1432 52.
990 1381 1019 1433 V.

45 1453 246 1512 Conoubiuotos.

79 1567 233 1623 Histriooes.
243 1568 396 1624 Anabsotvi
410 1568 525 1639 possint,
542 1576 617 1624 etan
630 1569 686 1624 sint
700 1570 939 1638 exeommunicati,
956 1573 1018 1625 220.

8 1674 10 1701 ¹
76 1685 183 1758 Hymen.
200 1685 271 1755 Quid
284 1687 321 1742 sit
333 1688 360 1742 in
372 1688 470 1760 puellis
480 1688 643 1759 virginibus,
657 1693 698 1745 tt.
749 1772 751 1776 Α

74 2042 233 2115 ipsorontio.
247 2046 288 2097 An
303 2051 415 2098 excuset
435 2043 461 2097 in
477 2044 583 2099 incestu
600 2044 692 2115 quoad
702 2047 750 2115 jus
761 2045 870 2118 petendi
881 2046 1014 2115 debitum,

42 2125 102 2176 443.
976 2143 978 2147 ’

79 2243 234 2317 impotentia.
255 2248 295 2299 An
316 2252 342 2299 et
367 2252 502 2317 quatenus
524 2245 560 2300 sit
581 2244 808 2317 impedimentum
832 2246 973 2314 dirimens,
988 2253 1017 2301 et

42 2325 212 2394 quandonam
227 2324 307 2391 adsit,
330 2326 390 2379 237.
411 2325 496 2380 Senes
515 2340 569 2380 non
584 2334 649 2380 sunt
668 2326 819 2396 generatim
838 2327 1012 2398 impotentes,

42 2406 101 2458 238.
118 2405 244 2460 Mulieres
256 2405 362 2459 steriies
376 2420 429 2458 non
439 2404 500 2458 ideo
515 2412 580 2459 sunt
593 2401 768 2476 impotentes
786 2408 848 2462 239,
864 2406 920 2460 Neo
930 2405 1014 2461 etiam

41 2501 102 2554 apum
120 2501 211 2540 semen
235 2500 286 2537 non
305 2484 433 2547 retinent,
449 2487 509 2538 239.
527 2483 690 2556 impotentia
708 2485 759 2539 aiia
781 2493 822 2540 est
846 2484 1013 2557 temporalis

41 2565 91 2619 aiia
100 2572 239 2636 perpetua7
252 2565 312 2618 tto.
324 2563 447 2637 Quatupr
461 2579 552 2618 oausae
567 2564 745 2635 impotentiae,
758 2566 820 2620 244.
836 2563 1015 2632 Quandonam

41 2643 197 2714 impotentia
212 2660 244 2697 ex
255 2642 385 2698 maleficio
397 2649 525 2714 perpetua
536 2651 690 2707 censeatur,
703 2645 765 2699 242.
780 2642 922 2712 Quomodo
934 2644 1014 2699 liceat

41 2723 111 2777 iilam
124 2715 227 2789 toliere,
249 2724 311 2776 243,
339 2723 370 2776 V.
395 2720 560 2793 Moiefioium.
575 2721 692 2790 Quinam
709 2720 774 2779 sunt
793 2724 958 2796 impotentes
980 2740 1014 2780 ex

42 2802 195 2872 frigiditate,
212 2804 273 2858 245.
290 2806 332 2857 An
345 2803 406 2873 quis
419 2802 553 2874 impotens
568 2818 628 2857 esse
638 2809 720 2874 queat
740 2803 775 2858 ob
790 2802 901 2859 nimiam
916 2803 1014 2860 calidi—

8 2938 10 2941 ,
42 2889 130 2948 tatem,
144 2884 204 2937 246.
216 2882 380 2954 lmpotentia
391 2898 423 2937 ex
435 2882 650 2954 improportione
663 2883 778 2939 membri
787 2884 913 2954 genitalis
923 2891 1013 2957 potest

41 2961 326 3033 esseimpedimentum
334 2962 548 3029 dirimens‚etan
560 2969 625 3017 tuno
633 2963 730 3019 mulier
741 2971 866 3019 teneatur
876 2964 932 3036 pati
940 2963 1014 3019 inei-

41 3041 149 3109 sionem,
161 3049 192 3095 ut
201 3048 264 3112 apta
275 3041 322 3096 fiat
335 3041 369 3096 ad
381 3042 516 3114 copulam,
529 3042 589 3096 247.
603 3045 645 3098 An
658 3043 823 3116 impotentes
834 3044 890 3098 sint
901 3044 1012 3100 herma-

43 3119 142 3192 phrodi,
155 3122 215 3176 248.
230 3120 303 3190 Quid
317 3122 353 3177 sit
371 3121 508 3193 agendum
529 3121 556 3175 in
579 3138 644 3176 casu
664 3123 845 3196 impotentiae,
862 3122 925 3179 249.
940 3121 1013 3192 Quid

42 3216 118 3271 agere
127 3198 224 3256 debeat
237 3201 333 3256 mulier
347 3209 423 3256 certo
437 3201 526 3256 sciens
539 3217 619 3256 suum
637 3202 726 3276 uirum
741 3218 801 3258 esse
820 3203 1010 3275 impotentem,

42 3280 1011 3353 casuquoipsahabuitproiemexconcubituaduiterino,etvirvultuti

43 3359 143 3415 iioentia
153 3360 269 3414 maritali
284 3367 381 3431 putans
392 3360 465 3433 quod
479 3360 516 3414 sit
526 3367 632 3432 potens,
644 3362 706 3415 250.
721 3359 792 3428 Quid
804 3360 1011 3429 ageredebeant

43 3440 164 3510 conjuges
174 3438 334 3495 dubitantes
350 3439 445 3495 desua
460 3441 581 3511 potentia
598 3438 631 3494 ad
644 3440 781 3512 copulam,
794 3442 857 3496 254.
870 3442 910 3499 De
924 3442 1012 3498 trien-

44 3519 93 3575 nali
111 3518 271 3590 experientia
292 3519 320 3573 in
341 3520 400 3574 foro
414 3528 538 3582 externo,
550 3521 611 3576 252.
624 3517 695 3587 Quid
709 3520 865 3591 requiratur
878 3528 910 3576 ut
920 3521 1013 3578 matri·

44 3600 154 3654 monium
174 3599 262 3670 possit
280 3597 403 3666 dissolvi,
420 3600 481 3653 252.
503 3599 569 3653 Pars
585 3614 648 3668 quae
666 3605 790 3669 reputata
804 3599 857 3655 init
874 3600 1011 3674 impotens

45 3676 141 3747 restitui
149 3677 230 3745 debet
244 3676 278 3732 ad
293 3677 411 3750 priorem
426 3677 526 3746 virum,
543 3677 564 3731 si
577 3676 676 3731 deinde
690 3675 800 3734 constet
812 3679 900 3751 ipsam
912 3687 1011 3752 poten·
1026 3701 1029 3706 ⁸

45 3765 95 3815 tem
112 3757 201 3827 fuisse,
217 3759 277 3815 tta.
294 3755 366 3829 Quid
380 3754 414 3812 de
433 3770 498 3818 oasu
517 3754 700 3828 mutitudinis,
716 3757 778 3814 253.
792 3757 833 3813 De
850 3771 915 3815 oasu
932 3757 1010 3816 duait
