2362 4094
184 135 242 195 152
508 147 547 192 ua
567 147 661 223 nuans
680 146 835 192 versuris.

182 267 213 326 S.
229 264 367 345 Lignor,
391 273 423 324 n⁰
437 267 497 326 906
511 283 574 326 suae
587 263 747 344 theologiae
770 265 903 341 moralis,
925 268 1019 328 etiam
1048 270 1082 330 in
1094 287 1120 330 ca
1136 327 1137 330 ,

181 374 243 434 quo
257 353 370 433 nuptia
397 352 477 414 bona
492 353 552 414 tide
564 352 686 415 fuerunt
699 353 791 423 initae,
809 353 865 414 nisi
880 360 989 435 petens
1002 356 1133 418 certitud

182 462 253 504 nem
266 442 390 504 haberet
403 444 441 502 de
457 441 512 503 bac
526 460 612 514 neec,
629 441 674 503 vet
687 442 792 503 saitem
814 449 927 504 tantam
942 449 1134 526 praesumptir

182 550 253 594 nem
267 550 336 612 quae
355 530 568 593 certitudinem
583 530 730 591 moralem
756 533 929 605 constituat,
952 533 1028 612 quia
1057 536 1088 594 in
1109 541 1139 593 ta

180 640 252 683 nasu
266 619 400 701 possidet
413 620 499 700 prius
514 618 760 690 utatrimonium3
776 618 896 700 hocque
909 628 992 682 certe
1006 621 1045 682 ad
1063 623 1118 683 min

180 709 372 771 conformius
388 707 506 770 videtur
519 725 586 786 cap.
604 707 751 768 Dominus
764 725 855 787 supra
870 708 964 770 reiato
980 709 1080 791 (267).
1139 751 1140 754 κ

222 820 290 877 att.
315 813 517 887 Quandonam
531 814 600 893 quis
613 812 723 875 debeat
746 833 845 876 necne
858 815 998 877 dubitare
1008 817 1048 877 de
1060 818 1121 879 vato

181 904 378 981 matrimonii,
391 909 452 964 tres
464 902 575 964 dantur
586 902 699 983 reguiae
724 924 740 965 a
764 906 796 965 S.
812 904 957 984 Lignorio
972 908 980 942 ¹
996 927 1004 964 .·
1028 907 1111 967 «Pri
1129 947 1130 954 κ

185 1016 200 1052 u
221 994 304 1075 quod
328 992 451 1074 conjux,
467 990 618 1054 ordinarie
634 992 799 1073 loquendo,
814 1012 876 1053 non
902 998 1024 1055 tenetur
1037 995 1132 1057 crede

185 1106 200 1142 a
222 1083 307 1144 atteri
319 1080 467 1143 'asserenti
479 1079 550 1141 fiete
561 1080 764 1155 consensisse,
784 1080 853 1143 iicet
867 1090 981 1142 asserat
994 1084 1120 1162 cumjur

184 1193 200 1229 a
222 1178 335 1234 mento.
353 1170 465 1231 Bonae.
486 1167 611 1242 Sancta,
626 1169 728 1244 Sotus,
745 1169 934 1240 Salmantic,
951 1177 1024 1249 eta,
1039 1190 1074 1233 ex
1086 1190 1140 1250 rea

185 1283 200 1319 u
223 1260 295 1325 Com
318 1279 336 1320 c
351 1258 444 1335 nobis,
458 1256 494 1319 dc
512 1257 826 1319 testibus-Secunda
840 1258 924 1338 quod
938 1258 963 1319 si
976 1259 1046 1339 quis
1059 1259 1130 1321 audi

185 1372 200 1408 <r
220 1349 326 1411 adesse
339 1346 595 1426 impedimentum
609 1364 626 1407 a
641 1346 781 1427 personis
795 1365 856 1409 non
872 1347 932 1408 tide
941 1347 1050 1427 dignis
1065 1348 1106 1410 rel
1117 1363 1133 1407 e

185 1461 201 1496 <r
220 1437 300 1499 tama
310 1435 420 1498 anullo
430 1441 552 1497 auctore
563 1441 645 1496 certo
659 1441 774 1514 exorta,
787 1454 844 1498 neo
853 1442 975 1498 tenetur
983 1437 1112 1499 credere.

185 1548 201 1584 a
221 1525 323 1587 Tertia
336 1523 419 1604 quod
434 1525 459 1585 si
474 1523 577 1586 audiat
598 1522 690 1585 afrde
704 1523 808 1604 digna,
831 1530 883 1596 aut
907 1542 963 1605 per
982 1524 1091 1586 famam
1121 1523 1140 1561 ·’

185 1619 302 1677 «certo
324 1620 458 1684 auctore,
476 1619 595 1675 tenetur
621 1613 779 1675 veritatem
805 1613 973 1694 inquirere,
995 1621 1027 1675 et
1040 1615 1118 1675 interi

185 1727 201 1763 «
221 1702 372 1765 abstinere
386 1720 403 1763 a
417 1702 542 1782 nuptiis,
556 1707 609 1763 aut
622 1720 639 1763 a
651 1701 799 1783 petend03
815 1701 868 1764 sed
884 1710 1006 1765 tenetur
1020 1703 1107 1765 redde
1125 1707 1140 1786 ς

185 1816 201 1853 a
222 1792 247 1854 si
260 1809 340 1853 unus
352 1796 471 1851 tautum
483 1789 560 1851 adsit
580 1791 675 1863 testis,
706 1797 739 1852 ut
753 1794 841 1866 Nan,
864 1791 963 1871 Syia,
980 1792 1074 1854 Salm.
1115 1793 1140 1846 a

186 1904 201 1940 u
221 1888 319 1943 terum
332 1879 364 1940 iu
377 1878 472 1941 dubio
482 1897 607 1959 semper
613 1879 815 1957 judicandum
827 1887 871 1941 est
883 1899 939 1961 pro
950 1881 1130 1943 matrimoni

186 1994 201 2027 a
222 1968 347 2045 Sanan,
363 1968 489 2029 Pontius
501 1973 530 2028 ct
543 1967 593 2028 aiii
608 1970 823 2030 communiter.
839 1990 854 2026 n
1098 2036 1102 2044 ⁸

223 2063 268 2121 An
284 2065 386 2122 autem
404 2057 517 2135 conjux
535 2056 677 2119 dubitans
690 2057 800 2139 debeat
813 2058 938 2119 aiteram
953 2066 1071 2138 partem
1090 2075 1147 2119 mo

183 2168 254 2211 nere
276 2148 314 2210 de
335 2165 391 2209 suo
413 2145 518 2220 dubio,
536 2144 690 2207 ordinarie
709 2145 768 2208 hoe
783 2146 925 2225 expedire
944 2166 1007 2208 uon
1031 2148 1150 2209 videtur,

182 2240 225 2301 De
246 2257 308 2319 quo
329 2235 396 2297 vide
417 2235 562 2303 Caruere,
584 2234 796 2311 compactam
813 2235 850 2297 dc
868 2235 1021 2314 Matrim,
1039 2247 1073 2299 n⁰
1086 2238 1150 2298 273.

622 2431 641 2510 a
660 2432 709 2492 ru.

232 2594 276 2655 Dc
296 2594 484 2673 tepitc'mitctc
504 2601 585 2653 actus
605 2592 776 2671 conjnpcttr
796 2593 829 2652 in
849 2592 1020 2672 quibasdam
1041 2592 1106 2653 otiis

548 2699 791 2760 circumstantiis.
1149 2691 1150 2694 ¹

223 2889 293 2949 ata.
317 2884 517 2966 Loquendum
533 2883 620 2947 nobis
635 2885 724 2947 estin
739 2885 798 2948 hoc
814 2885 1002 2966 paragrapho
1014 2885 1052 2946 de
1070 2879 1145 2945 certis

184 2985 269 3038 actus
282 2973 450 3055 conjugatis
463 2973 708 3045 circumstantiis,
725 2993 794 3054 quae
809 2974 855 3035 vel
871 2993 1033 3053 personam
1052 2971 1144 3049 conju⁴

185 3083 258 3146 guin
272 3063 355 3125 hune
368 3068 469 3125 actum
484 3063 704 3134 exercentium,
719 3062 905 3124 vetmodum
920 3080 975 3124 seu
991 3065 1079 3125 situm
1092 3059 1150 3140 qud

186 3152 350 3234 peragitur,
370 3150 416 3211 vel
430 3157 551 3232 tempus
570 3169 631 3232 quo
646 3151 801 3234 impletur,
818 3157 869 3213 aut
881 3150 984 3213 locum
999 3153 1050 3215 ubi
1070 3163 1144 3225 ereo¹

186 3249 281 3318 cetur,
296 3238 471 3322 respiciunt.
1148 3268 1149 3271 =

218 3437 241 3486 t.
258 3438 338 3489 Homo
348 3435 512 3502 Apostolicar,
523 3433 605 3484 Traet.
617 3433 656 3495 18,
671 3442 698 3483 n⁰
709 3432 748 3484 at.
