2384 4138
459 195 567 255 ⁴curor
587 195 621 240 u.
983 184 1034 241 ,65

34 333 55 367 «»
76 307 185 368 sionis
200 311 222 380 1,
237 308 283 368 vel
295 308 386 369 etiam
399 315 483 369 extra
496 307 690 369 occasionem
700 308 900 370 confessionis
911 308 942 368 in
952 327 1029 370 cou-

35 420 51 453 «
76 395 261 460 fessiouali.
284 396 346 457 sive
367 397 397 457 in
418 397 477 458 alio
499 397 565 457 loco
583 396 621 458 ad
644 397 850 458 confessiones
862 397 1028 458 audiendas

34 510 51 543 «
76 485 239 545 destinato
261 490 312 545 aut
330 485 443 554 electo,
459 485 654 547 simulatione
669 485 811 546 audiendi
824 485 937 546 ibidem
953 505 1027 548 con-

35 598 52 632 «
76 573 253 634 fessionem
271 577 294 647 ²,
317 572 353 633 ad
369 573 528 635 inhonesta
542 579 573 635 et
586 574 687 653 turpia
707 574 878 648 sollicitare,
894 575 940 634 vel
956 594 1027 657 pro-

35 686 53 720 «
77 680 210 729 vocare,
227 661 287 723 sive
301 661 409 739 verbis,
428 661 488 722 sive
501 661 606 742 signis,
629 662 690 722 sive
705 661 838 730 nutibus,
856 662 919 724 sive
934 668 1028 738 tactu,

37 773 54 808 «
78 749 151 810 sive
167 767 222 829 per
235 750 430 829 scripturam,
447 755 500 809 aut
512 755 585 810 tunc
599 755 649 810 aut
666 756 733 829 post.
744 749 917 829 legendam,
932 756 1031 812 tenta-

38 859 55 896 «
79 842 210 909 verunt,
226 842 276 896 aut
289 854 359 897 cum
376 836 418 898 eis
434 837 552 898 illicitos
571 842 600 897 et
618 837 794 899 inhonestos
808 857 966 900 sermones
981 841 1027 901 vel

38 947 55 983 a
78 929 250 997 tractatus,
266 926 429 986 temerario
443 943 519 987 ausu
534 924 712 1000 habuerint3
734 932 765 985 et
785 945 899 1006 quoe...
921 927 1028 1007 culpa-

39 1035 56 1070 «
81 1011 165 1073 biles
178 1012 359 1092 repererint,
370 1013 474 1086 ineos,
487 1031 541 1093 pro
555 1012 718 1074 criminum
730 1015 912 1093 qualitate...
927 1034 1028 1077 severe

39 1123 56 1159 «
79 1100 331 1162 animadvertant
345 1119 397 1180 per
413 1102 581 1181 condignas
595 1118 712 1180 poenas,
725 1101 812 1182 juxta
828 1111 1028 1164 memoratam

40 1211 57 1247 «
81 1187 265 1268 Gregorii...
283 1190 582 1265 constitutionem...,
598 1207 703 1250 rursus
717 1190 918 1252 concedentes
933 1191 1029 1254 facul-

41 1299 58 1335 «
80 1285 193 1351 tatem,
205 1295 244 1337 ue
256 1276 400 1338 delictum
415 1284 476 1338 tam
486 1295 651 1340 enorme...
664 1286 819 1338 remaneat
846 1279 885 1338 ob
919 1280 1026 1360 proba·

41 1387 58 1423 (ι
81 1364 209 1426 tionum
223 1364 391 1441 defectum,
404 1365 646 1446 impunitum...,
663 1364 845 1445 procedendi
867 1384 938 1427 cum
965 1374 1027 1429 tes·

42 1476 60 1512 «
85 1453 174 1514 tibus
197 1454 288 1514 etiam
312 1453 526 1533 singularibus,
565 1454 734 1515 dummodo
759 1455 1024 1536 praesumptiones,

43 1564 61 1599 «
85 1540 227 1603 indicida
241 1547 270 1602 et
281 1541 338 1602 alia
348 1540 533 1602 adminicula
546 1546 739 1603 concurrant.

37 1767 64 1815 in
77 1780 144 1816 casu
150 1764 292 1815 verificetur
301 1764 368 1829 quod
378 1763 521 1815 sollicitatio
529 1763 628 1814 sitfaeta
639 1763 770 1815 occasione
780 1766 956 1819 consessionis:
967 1781 1026 1832 sup-

37 1837 150 1902 ponitur
166 1836 293 1886 mulierem
307 1836 331 1885 id
347 1835 418 1886 scire.
431 1836 497 1885 Idem
510 1835 616 1886 Sanctus
631 1836 721 1899 pariter
738 1836 934 1887 denuntiandum
955 1844 1026 1903 putat

38 1905 227 1958 confessarium
242 1906 284 1971 qul
297 1904 382 1970 petita
396 1906 499 1956 muliere
512 1920 660 1956 consensum
676 1907 781 1971 copulae,
795 1907 840 1972 ipsi
855 1909 1023 1971 promittendo

39 1992 100 2028 eam
115 1978 206 2027 audire
218 1975 243 2025 in
255 1977 421 2027 confessione.

73 2047 102 2097 1.
122 2049 150 2098 Si
170 2062 259 2111 nempe
277 2063 306 2097 ex
326 2063 400 2111 pravo
422 2049 472 2098 stne
492 2048 579 2097 inritat
602 2047 730 2096 mulierem
750 2046 781 2097 ad
800 2049 978 2108 confitendum,
1001 2055 1025 2099 et

41 2119 141 2170 deinde
154 2118 280 2169 sollicitet.
291 2145 322 2155 -
333 2120 368 2168 dn
381 2124 463 2169 autem
477 2118 617 2170 denuntiari
629 2118 719 2168 debeat
731 2118 896 2169 confessarius
908 2120 951 2185 qui
962 2135 1026 2169 con-

41 2190 116 2241 uenit
129 2206 187 2240 cum
201 2189 305 2240 muliere
315 2195 350 2246 ut,
365 2190 395 2239 ad
406 2190 544 2241 eludendos
556 2188 716 2248 domesticos,
730 2205 757 2239 se
772 2189 850 2254 fingat
862 2197 989 2255 aegrotam,
1003 2195 1028 2240 et

43 2262 133 2326 ipsum
145 2261 367 2311 areersetdomum
382 2261 412 2309 ad
427 2261 518 2310 crimen
537 2260 683 2324 patrandum
691 2259 704 2309 ‘l
715 2259 923 2320 Controvertilur‚
937 2269 960 2311 et
968 2276 1028 2310 sen·

43 2332 156 2382 tentiam
170 2338 300 2397 negantem
315 2331 505 2396 probabiliorem
517 2332 591 2380 habet
603 2331 627 2380 S.
642 2331 754 2394 luguen,
766 2330 823 2395 quia
835 2337 893 2381 tunc
907 2347 956 2382 non
969 2331 1032 2381 reri·

45 2405 143 2454 linatur
158 2403 225 2468 quod
240 2402 406 2453 confessarius
418 2402 536 2452 sollicitet
553 2407 670 2466 praetextu
686 2401 859 2462 consessionis,
872 2403 916 2452 sed
936 2408 1030 2452 tantum

45 2476 121 2540 quod
136 2479 255 2537 praetextu
271 2473 435 2526 confessionis
449 2479 577 2538 peccatum
590 2472 771 2533 exeu.uatur,ita
786 2478 811 2520 ut
826 2479 957 2536 praetextus
970 2488 1033 2523 con-

47 2545 171 2597 sessionis
184 2552 243 2594 tunc
255 2545 443 2604 ordinetur‚non
456 2544 486 2593 ad
500 2544 710 2602 sollicitationem,
725 2543 767 2592 sed
781 2543 811 2592 ad
826 2544 976 2594 domesticos
987 2545 1034 2593 de-

48 2617 195 2682 cipiendos.
210 2616 289 2665 Secus
301 2622 383 2666 autem
403 2622 471 2678 putat
484 2631 539 2664 esse
550 2615 682 2663 dicendum
696 2615 725 2671 si,
741 2614 848 2663 'muliere
865 2613 1035 2665 sollicitationi

48 2692 178 2740 renuente
190 2685 339 2746 consentire,
354 2686 385 2735 ob
400 2687 512 2734 timorem
525 2684 709 2744 diffamationis,
722 2685 839 2735 sacerdos
852 2686 875 2734 ei
895 2686 998 2751 suadeat
1010 2692 1038 2734 ut

49 2760 155 2825 lingens
167 2773 194 2807 se
210 2762 326 2821 agrotum
343 2754 424 2819 ipsum
439 2763 548 2806 accersat
563 2754 594 2805 ad
613 2754 846 2819 pensandumque
866 2756 890 2804 in
909 2755 959 2806 boc
978 2771 1038 2806 casu

51 2830 176 2880 sacerdos
191 2841 340 2877 consensum
351 2826 463 2877 mulieris
475 2826 593 2877 sollicitat
608 2830 727 2888 praetextu
740 2825 914 2876 confessionis.
927 2829 959 2887 (S.
973 2826 1037 2890 big„

51 2901 127 2959 totu„
144 2910 172 2948 n⁰
185 2897 251 2958 bra.)

74 2972 112 3029 ‚2
132 2969 265 3020 Simulatio
282 2969 356 3018 debet
366 2982 420 3017 esse
433 2973 578 3031 exutisque
592 2973 667 3030 parte,
680 2964 822 3016 confitentis
835 2981 923 3039 nempe
935 2973 961 3019 ct
979 2983 1039 3020 con·

54 3040 173 3101 tessarii;
194 3055 239 3090 nec
256 3039 349 3088 sufficit
369 3037 391 3087 si
416 3037 515 3095 semina,
537 3037 607 3086 tleris
630 3034 735 3098 genibus
760 3050 843 3086 eoram
867 3037 1039 3101 confessario,

56 3119 127 3163 extra
153 3110 336 3161 confessionale
359 3110 468 3167 assistat,
490 3108 533 3158 sed
556 3107 658 3171 insuper
681 3105 814 3170 requiritur
833 3114 861 3156 ut
876 3110 1043 3161 consessorius

55 3198 128 3243 voce,
146 3187 218 3241 nutu,
232 3181 272 3231 vel
286 3182 366 3244 aliqua
381 3179 486 3239 actione,
501 3184 559 3244 puta
573 3176 720 3242 applicando
733 3192 804 3227 aures
817 3179 919 3228 simulet
942 3181 1044 3232 confes·

57 3254 157 3305 sionem
174 3252 269 3302 audire.
283 3251 309 3300 ln
326 3249 394 3300 bulla
413 3250 477 3299 enim
496 3248 587 3299 dieitur
598 3248 749 3300 simulantes
762 3249 925 3311 confusiones
948 3252 1043 3310 audire

58 3323 194 3375 Simulatis
204 3320 447 3373 tamensufficienler
458 3320 529 3369 adest
538 3334 567 3368 ex
579 3317 798 3398 partenentrssarii
802 3319 886 3384 ,juxta
898 3319 923 3373 S.
932 3320 1046 3386 Lignor..
1062 3345 1066 3352 ·

59 3396 81 3445 si
95 3396 149 3460 ipse
161 3394 226 3444 adsit
239 3392 369 3442 tantumin
382 3389 557 3440 consessionuli
561 3389 635 3454 ,quia
649 3389 721 3437 rerba
736 3390 809 3440 bullas
822 3391 928 3457 intelligi
941 3400 1062 3458 possunt

60 3467 93 3517 de
104 3465 267 3516 simulatione
279 3464 342 3513 lacta
356 3467 451 3511 tautum
462 3461 488 3510 in
500 3460 554 3511 aliis
564 3460 625 3510 locis
638 3476 648 3504 r
654 3461 667 3507 d
681 3460 852 3512 confitendum
865 3464 968 3514 electis.
976 3466 1046 3515 Pras·

59 3553 117 3589 erea
129 3553 159 3588 ex
180 3536 283 3586 decreto
303 3533 329 3594 S.
342 3531 514 3596 Inquisitionis
528 3530 692 3581 denuntiandi
703 3538 761 3581 sunl
786 3547 873 3584 omnes
891 3536 933 3598 qui
946 3536 1048 3586 confes-

62 3608 154 3659 sionali
169 3607 309 3658 abutuntur
324 3604 354 3653 ad
375 3602 453 3667 turpia
468 3603 604 3660 tractanda,
621 3599 687 3666 quod
705 3609 772 3653 certe
789 3603 814 3653 iu
838 3619 897 3655 casu
917 3605 1046 3671 contingit.

65 3679 100 3740 (S.
112 3679 178 3745 bip,
192 3676 238 3728 lib.
251 3673 278 3737 o,
294 3683 320 3724 n⁰
333 3672 400 3735 680.)

930 3770 972 3831 ,....
