2384 4138
422 105 526 149 ‘CAPUT
546 108 581 151 11.
961 98 996 154 Ἠ

6 244 19 279 ιι
43 220 280 301 impedimento
306 219 440 296 detenta,
457 220 716 283 denuntiationem
740 224 866 285 omniuo
882 235 999 302 renuat,

6 335 18 365 ιι
42 310 78 370 in
96 310 163 370 hoc
179 328 249 370 casu
265 308 391 387 aliisque
407 326 496 388 supra
509 310 919 385 memoratis,iaudandusest
930 334 1002 377 con-

6 422 18 453 «
42 398 213 471 fessariuS,
230 396 282 477 qui
298 414 422 476 operam
438 416 524 457 suam
543 399 699 478 poeuitenti
718 417 785 466 non
798 400 999 482 denegaverit,

6 494 75 548 «et
105 488 156 547 vei
185 486 382 546 Ordinarium
397 485 442 545 vel
468 487 607 548 Sanctam
632 487 740 548 Sedem
764 497 1002 569 proopportuna

6 599 20 631 «
44 575 245 656 providentia
274 573 481 649 consuluerit,
510 593 673 655 suppresso
700 581 802 637 tamen
828 579 1003 657 poenitentis

6 689 21 719 ιι
44 665 194 725 nomine.
230 661 389 723 Formuias
412 671 513 723 autem
537 663 584 723 bis
608 665 639 723 in
667 665 787 726 casibus
816 666 1004 730 adhibendas

8 780 21 807 ι
43 753 182 815 tradunt
197 751 313 831 probati
326 756 472 820 auctores,
490 770 567 830 quos
582 751 660 813 inter
672 753 839 831 Pignatelti,
854 761 875 815 t.
894 758 916 829 1,
932 775 1004 818 con-

9 866 23 897 «
46 842 126 903 suit.
138 845 210 915 tor,
221 842 348 910 Carene,
364 838 505 913 Albitius,
521 845 579 900 etc.

51 953 67 988 ιι
91 933 128 991 8⁰
156 932 227 989 Non
254 926 462 1006 infrequenter
481 928 611 988 occurrit
628 947 727 1003 casus,
743 934 777 989 ut
801 930 1004 995 confessarius

11 1043 25 1073 ιι
47 1019 172 1079 aliusve
198 1015 418 1077 ecclesiasticus
432 1015 475 1074 vir
499 1015 537 1075 ab
560 1017 715 1095 Episcopis
739 1015 882 1096 (quorum
897 1022 1002 1100 utique

12 1131 25 1161 ιι
47 1106 113 1167 hoc
128 1111 262 1186 potestas
276 1107 332 1182 est)
345 1103 551 1181 deputaturad
561 1103 805 1166 denuntiationes
817 1108 1005 1186 recipiendus

12 1196 84 1255 «in
112 1214 146 1256 re
163 1194 201 1255 ad
217 1191 437 1254 sollicitationis
450 1192 566 1253 crimen
589 1199 744 1271 spectante
770 1193 884 1273 absque
911 1196 1005 1258 inter-

13 1308 25 1339 «
49 1290 149 1344 ventu
175 1282 302 1343 notarii:
328 1279 401 1340 huic
424 1279 615 1341 instructioni
638 1281 742 1342 folium
763 1282 904 1360 adjicitur
926 1285 1005 1347 circa

13 1396 26 1427 ιι
49 1371 187 1432 modum
209 1388 271 1450 quo
284 1368 367 1429 bisce
391 1368 422 1427 in
437 1368 557 1429 casibus
576 1368 685 1429 confici
700 1369 892 1432 denuntiatio
903 1371 1002 1435 debet.

13 1486 27 1517 ιι
50 1462 112 1532 Qui
142 1460 226 1521 enirn
260 1457 297 1518 ad
325 1456 384 1518 hoc
413 1456 625 1535 gravissimum
652 1475 765 1519 munus
793 1458 845 1518 viri
874 1460 1005 1523 maxime

16 1664 28 1693 ιι
51 1639 177 1698 ratione
193 1634 378 1697 assumendo
395 1633 501 1695 instrui
529 1632 690 1694 debentne
705 1635 883 1703 mouerint
904 1639 1003 1698 statim

17 1752 28 1779 «
51 1746 69 1787 a
95 1732 222 1805 recepta
246 1722 489 1797 denuntiatione,
502 1739 569 1781 eam
582 1722 730 1783 continuo
748 1722 784 1782 ad
801 1723 901 1803 ipsum
917 1725 1005 1805 Epis-

17 1839 30 1869 «
52 1833 171 1895 eopum
187 1831 204 1874 a
220 1831 281 1892 quo
297 1811 418 1871 fuerunt
432 1809 566 1888 deputati
581 1816 668 1871 caute
678 1810 892 1883 transmittant,
905 1830 1006 1894 neque

18 1927 30 1957 ιι
52 1902 189 1963 confecti
219 1909 304 1961 actus
338 1898 512 1977 exemptum
537 1897 582 1957 vel
612 1896 773 1976 vestigium
797 1899 922 1978 aliquod
948 1901 1004 1962 sibi

21 2018 32 2043 «
55 1992 224 2052 retineant.
254 1991 351 2067 Atque
373 1986 402 2046 in
425 1985 508 2046 hunc
526 1985 588 2047 iere
609 1985 736 2047 modum
750 1984 831 2047 haud
846 1986 1006 2058 difficulter

20 2076 263 2140 «denuntiandi
293 2092 406 2135 munus
434 2073 626 2153 adimpletur.
656 2073 795 2134 Proiecto
823 2092 840 2134 a
868 2076 1005 2138 iocorum

21 2192 33 2223 ιι
54 2165 228 2228 Ordinariis
251 2162 447 2226 efficiendum
468 2169 524 2237 est,
541 2179 578 2221 ne
597 2161 635 2221 ad
651 2161 715 2222 inca
732 2180 794 2222 suae
803 2163 1003 2237 jnr‘isdictioni

22 2280 34 2309 ιι
56 2256 196 2335 subjecta
219 2246 372 2332 applicare
389 2257 525 2328 oporteat
540 2247 622 2328 quod
640 2267 695 2327 pro
717 2249 912 2311 missionibus
933 2254 1005 2312 Per-

21 2370 33 2397 «
57 2342 206 2405 nambuci
228 2341 257 2400 in
276 2338 424 2410 Ameriae,
440 2337 489 2397 die
507 2340 546 2396 22
558 2336 687 2417 januarii
704 2355 786 2397 anno
800 2341 876 2398 itini
888 2386 896 2414 ,
907 2338 1005 2401 decia·

22 2458 34 2487 «
57 2429 254 2492 ratumsuit:
278 2427 416 2487 mutieres
440 2425 575 2486 videlicet
603 2424 744 2484 sollicitus
771 2445 829 2484 non
850 2428 946 2486 teneri
967 2427 1008 2488 cd

22 2544 35 2573 ιι
58 2517 330 2589 denuntiationem,
343 2515 370 2573 δι’
384 2514 518 2573 ministri
533 2512 741 2593 Inquisitr'onr's
755 2521 783 2573 et
794 2514 902 2574 vicarii
915 2515 1006 2595 Epis-

25 2632 37 2661 «
57 2607 130 2687 copi
142 2608 176 2665 t'n
193 2603 363 2684 lonqinqnir
383 2601 549 2681 regionibns
562 2600 693 2680 depentes
706 2601 769 2661 sine
790 2602 878 2679 pruni
891 2602 1004 2662 incom-

25 2720 37 2749 «
57 2692 245 2755 modendirt'
259 2700 410 2771 nequeunt.
517 2754 520 2759 ⁴

63 2809 77 2841 ιι
100 2789 136 2846 9⁰
154 2784 184 2843 Si
213 2782 243 2840 in
260 2777 554 2852 denuntiationibus,
571 2777 653 2855 quod
678 2794 738 2836 non
754 2795 822 2838 raro
846 2778 1004 2858 contingit,

27 2896 39 2927 ιι
60 2873 130 2933 abae
148 2869 322 2930 indicantur
334 2884 471 2946 personae
485 2865 562 2925 torte
576 2864 685 2943 pariter
697 2865 924 2940 solticitatae,vel
938 2885 1007 2947 quae

28 2984 41 3015 ιι
62 2962 100 3021 de
126 2959 186 3019 boe
200 2956 329 3018 crimine
357 2953 564 3014 testimonium
586 2951 664 3013 ferre
679 2952 780 3032 aliqua
794 2955 910 3015 ratione
933 2973 1006 3035 pos-

29 3073 41 3104 «
61 3051 142 3121 siut,
169 3046 216 3106 hae
239 3061 361 3124 quoque
387 3059 494 3103 omnes
518 3047 546 3101 et
573 3040 711 3114 seorsim,
726 3040 883 3117 judiciaria
910 3042 1006 3104 forma

30 3162 42 3191 a
62 3136 208 3216 superius
227 3132 393 3206 enuntiata,
405 3128 614 3189 exarninandae
625 3136 713 3191 sunt:
731 3137 760 3189 et
775 3131 874 3209 primo
887 3150 941 3211 per
955 3150 1008 3212 ge-

31 3256 40 3277 «
64 3225 193 3297 neraiia,
215 3220 325 3282 deinde
341 3238 395 3299 per
411 3217 532 3299 gradus,
548 3217 648 3297 quoad
664 3217 702 3277 ita
717 3236 764 3278 res
788 3217 872 3294 terat,
888 3219 1009 3301 adpar-

30 3338 42 3366 «
63 3312 200 3374 ricuiaria
226 3307 428 3380 deveniendo,
441 3306 621 3385 interrogari
637 3304 760 3380 debent,
776 3314 879 3368 utrum
893 3314 923 3368 et
937 3327 1011 3388 quo-

33 3426 45 3457 «
65 3401 159 3462 modo
173 3415 277 3458 revera
302 3395 413 3456 tuerint
430 3395 502 3475 ipsae
517 3393 681 3454 sollicitatae
704 3395 752 3455 vei
766 3394 840 3456 alias
864 3414 1010 3476 personas

33 3516 45 3547 ιι
66 3492 160 3551 tuisse
174 3486 349 3548 sotttrtratas
362 3483 491 3546 viderint
505 3482 553 3543 vel
566 3481 727 3543 audierint.

71 3602 86 3637 ιι
110 3583 161 3640 t0⁰
179 3580 309 3654 decepta
324 3572 566 3647 denuntiatione,
582 3589 645 3632 non
662 3572 743 3633 illico
758 3573 943 3653 proceditur,
959 3572 1012 3634 sed

36 3686 84 3729 «a
109 3665 271 3746 superiore
290 3660 491 3722 ecciesiastico
514 3659 625 3738 inquiri
655 3659 759 3722 sedulo
780 3662 883 3736 debet,
910 3667 1012 3723 utrum
