2378 4102
193 168 250 228 tro
511 177 547 225 nn
570 177 662 227 nanus
681 176 835 225 varennis.

231 298 281 360 Sic
292 305 392 359 auteur
404 299 630 379 breviusputest
642 296 771 377 exprimi
782 296 889 377 triplex
902 296 1006 377 regula
1019 296 1156 375 praelata:

195 410 211 444 «
233 391 262 446 l⁰
284 387 436 468 Quidquid
459 408 513 468 pro
534 395 579 448 est
611 387 746 459 licitum;
770 389 802 446 2⁰
822 385 971 466 quidquid
993 393 1100 447 contra
1120 390 1159 445 est

195 498 210 533 «
231 476 373 551 mortale3
389 481 421 538 30
431 477 513 558 quod
527 484 571 538 est
586 480 694 556 praeter
704 492 765 534 uon
776 473 852 534 solet
865 492 929 534 esse
940 474 997 535 nisi
1009 474 1155 535 veniale.»

231 576 300 634 303.
325 576 449 645 Quaerit.
480 580 509 635 l⁰
540 577 584 633 dn
608 572 668 633 siut
690 570 832 632 mortales
854 576 950 633 tactus
977 580 1006 632 et
1028 577 1159 651 aspectus

192 669 295 741 turpes
315 662 392 723 inter
412 665 558 743 coniuges
576 663 600 722 si
622 668 745 742 propter
768 658 864 720 solarn
885 659 1083 741 voluptatem,
1102 659 1159 720 siue

192 752 298 811 ordine
312 751 349 811 ad
362 752 515 831 copulam,
529 750 751 812 exerceantur?

231 849 321 928 Resp.
340 848 499 911 llllirrnare
513 852 543 910 S.
563 853 688 920 buton,
705 847 855 927 Sputum,
870 853 926 908 etc.
945 848 1000 908 etsi
1017 867 1078 909 non
1092 847 1159 909 adsit

194 936 363 1015 periculum
391 937 588 1016 pollutionis3
615 935 687 1016 quia
713 935 814 999 omnis
842 941 925 997 aetus
952 954 1104 997 venereus
1128 934 1158 996 ad

193 1024 335 1103 copulant
356 1026 547 1105 conjugalem
563 1043 626 1085 non
645 1023 768 1096 relatus,
782 1030 827 1083 est
847 1022 993 1083 mortalis.
1015 1023 1158 1085 Sententia

195 1122 295 1173 tanren
314 1116 499 1186 communis,
515 1131 646 1193 quaeque
668 1111 766 1172 verior
787 1129 805 1172 a
827 1113 858 1172 S.
872 1112 995 1189 liguor.
1013 1112 1157 1181 babetur¹‚

183 1209 305 1281 'negat3
322 1203 398 1262 ratio
411 1202 484 1280 quia
498 1207 592 1262 status
606 1200 786 1279 conjugalis,
800 1199 878 1262 sicut
889 1199 1064 1262 cohonestat
1079 1219 1159 1280 copu-

195 1289 273 1364 lam,
291 1291 330 1351 ita
343 1298 372 1351 et
386 1290 559 1366 huiusmodi
573 1297 659 1351 actus
680 1296 708 1350 et
728 1297 886 1368 aspectus;
906 1306 998 1367 porro
1012 1288 1159 1351 delectatio
1177 1352 1178 1359 χ

195 1380 234 1442 in,
254 1378 364 1458 copula
389 1396 449 1439 nou
474 1378 590 1438 excedit
615 1377 745 1446 reniale3
763 1395 836 1455 ergo
859 1384 888 1437 et
909 1395 926 1437 a
951 1376 1067 1439 fortiori
1090 1364 1178 1438 ibunt

195 1468 342 1553 pxcedere
364 1470 466 1545 nequit
491 1467 520 1526 in
542 1466 670 1527 tactibus
685 1472 714 1524 et
732 1467 914 1545 aspectibus.
932 1467 968 1525 Et
983 1464 1158 1527 bocetianrsi

195 1554 303 1633 copula
323 1553 521 1634 impediretur
535 1554 574 1614 ob
597 1553 749 1625 rnurburn,
764 1562 813 1615 aut
829 1553 1040 1633 impotentiam
1061 1572 1159 1634 super-

196 1643 368 1703 venientem
386 1663 392 1701 :
410 1643 592 1722 supponitur
607 1641 688 1722 quod
704 1660 764 1701 non
788 1642 864 1702 adsit
884 1644 1056 1721 periculurn
1073 1643 1160 1723 pollu-

197 1730 286 1791 tionis
298 1751 306 1805 ;
318 1749 405 1792 secus
420 1738 521 1791 autern
536 1739 615 1792 esset
628 1731 792 1790 dicendum
806 1731 831 1790 si
847 1731 957 1811 conjux
972 1740 1051 1792 essct
1065 1731 1160 1811 ligatus

197 1826 266 1878 voto
288 1819 443 1891 castitatis,
460 1819 530 1897 quia
545 1818 604 1879 tale
619 1824 721 1880 votum
736 1817 872 1880 excludit
889 1837 1014 1880 onrnern
1029 1819 1159 1898 volupta-

198 1912 257 1964 tem
273 1923 434 1966 veneream
444 1907 611 1967 voluntarie
624 1912 754 1986 captant.
767 1940 805 1951 -
820 1907 1058 1968 Controvertitur
1072 1915 1159 1968 auten
1178 1958 1179 1997 p

198 2012 236 2053 an
264 1994 343 2055 idern
368 1995 407 2054 sit
430 1994 594 2057 dicendum
618 1994 655 2056 de
677 2013 714 2056 eo
735 1996 788 2075 qui
808 2014 823 2056 a
846 1997 953 2076 copula
973 1986 1179 2077 impediretur*

199 2089 320 2161 propter
343 2083 518 2144 allinitateur
541 2083 586 2143 vel
612 2084 822 2164 cognationem
838 2084 1045 2163 spiritualem
1064 2084 1114 2145 sed
1136 2084 1160 2142 in

199 2172 282 2250 praxi
302 2171 391 2231 debet
410 2189 442 2232 se
461 2171 624 2246 abstinere,
640 2172 680 2243 ob
695 2172 869 2250 proxirnurn
881 2172 1052 2253 periculurn
1072 2172 1160 2253 pollu-

198 2258 289 2319 tionis
301 2267 352 2321 aut
366 2259 518 2340 petitionis
529 2261 658 2339 copulae.

237 2350 313 2410 Casu
329 2367 391 2428 quo
405 2366 440 2409 ex
461 2347 508 2408 bis
525 2349 641 2410 actibus
665 2347 804 2427 turpibus
816 2347 1033 2429 praevideretur
1048 2348 1161 2429 pollutio

198 2443 338 2499 secutura
360 2438 390 2497 in
408 2455 441 2497 se
463 2436 508 2496 vel
529 2437 561 2497 in
576 2436 681 2513 altero,
696 2437 804 2516 triplex
816 2443 861 2498 est
878 2437 1028 2498 sententie
1044 2459 1052 2496 :
1068 2436 1162 2499 Prr'mu
1179 2508 1180 2513 γ

198 2532 322 2586 excusat
335 2526 372 2586 ab
386 2523 469 2585 omni
485 2525 585 2606 culpa,
601 2526 692 2586 inodo
706 2526 831 2604 pollutio
844 2544 904 2587 non
920 2525 1106 2601 intendatur,
1118 2541 1162 2586 nac
1179 2528 1180 2555 ¹

199 2613 275 2673 adsit
289 2614 461 2694 periculum
477 2613 504 2674 ei
520 2613 742 2687 consentiendi,
758 2621 810 2675 aut
825 2622 929 2693 agatur
947 2614 986 2675 de
1002 2621 1083 2676 lactu
1099 2613 1162 2676 adeo
1179 2628 1180 2631 ’

201 2703 280 2781 turpi
289 2710 320 2763 ut
327 2702 479 2780 judicetur
491 2702 630 2763 inchoata
641 2702 917 2783 pollutioSecuoda
926 2702 1086 2783 distinguit
1096 2704 1162 2764 iuter

199 2798 283 2850 actus
293 2791 419 2870 pudicos
429 2791 636 2872 etiurpudioos
650 2792 791 2871 :primos
803 2798 837 2852 ut
850 2793 954 2854 oscula
964 2801 995 2853 et
1004 2793 1161 2872 amplexus,

199 2886 322 2938 excusat
349 2899 366 2939 a
397 2887 539 2958 peccat03
564 2879 715 2941 secundos
739 2897 810 2941 vero
830 2879 868 2941 de
892 2880 1011 2941 mortali
1039 2881 1160 2949 damnat,

201 2967 271 3044 quia
285 2985 345 3028 nou
360 2975 431 3030 sunt
445 2968 571 3030 instituti
584 2967 621 3028 ad
632 2969 796 3030 fovendum
811 2969 952 3032 affectum
967 2972 1159 3050 conjugalem.

205 3053 306 3115 Tertio
320 3063 434 3130 auteur,
445 3055 500 3118 bos
511 3065 594 3119 actus
604 3065 637 3119 ut
652 3058 789 3119 mortalia
803 3058 932 3140 reputat,
943 3059 967 3118 si
976 3060 1162 3139 prandeatur

201 3144 371 3222 periculum
405 3145 590 3225 pollutionis.
617 3148 648 3207 S.
678 3146 823 3226 Liguor.'
852 3146 1039 3227 probabilius
1062 3147 1163 3226 judicat

200 3249 309 3293 ornnes
330 3241 415 3295 actus
430 3242 535 3313 turpes
556 3253 621 3296 esse
643 3241 764 3314 peccata
782 3235 918 3295 mortalia
934 3237 1041 3295 taurin
1058 3239 1163 3314 petente

148 3342 150 3349 ·
200 3339 294 3399 quarn
315 3321 347 3381 in
368 3321 523 3395 reddente,
548 3324 666 3403 quoties
687 3324 771 3384 adest
791 3325 976 3404 pollutionis,
991 3325 1161 3405 periculum,

202 3408 259 3468 nisi
274 3408 441 3471 habeantur
453 3418 485 3471 ut
496 3414 642 3490 conjuges
651 3430 683 3472 se
697 3413 827 3473 excitent
837 3412 875 3473 ad
885 3414 1026 3490 copulam
1041 3412 1163 3492 proxime

234 3595 256 3644 l.
276 3596 328 3647 Lib.
347 3599 370 3657 li,
380 3610 407 3647 n⁰
418 3602 474 3652 933.

233 3663 256 3712 2.
274 3666 343 3726 litu..
357 3679 384 3716 n⁰
396 3671 453 3719 eat.
