2384 4138
153 168 190 226 te
477 185 514 229 on
536 183 629 228 moos
648 182 803 229 veurams.

149 301 301 380 pruritum
321 303 430 381 patitur
454 301 636 364 invocandis
660 301 745 364 illum
766 306 847 363 tactu
861 301 995 385 abigere,
1011 303 1132 365 etiamsi

149 388 278 467 pollutio
303 396 459 470 sequatur,
477 390 568 451 modo
581 390 609 452 ei
625 390 891 457 nonasscntiatur.
910 390 999 452 Croix
1024 397 1131 453 mmen

148 477 299 556 sapienter
325 484 429 540 monet
453 478 572 558 eosqui
588 478 749 558 puritatem
763 483 877 553 amant,
893 483 926 543 ut
939 497 971 541 se
985 479 1021 541 iis
1035 480 1133 542 altsti-

148 571 257 641 neant3
279 571 309 626 et
333 566 498 647 Roucaglia
522 566 581 626 hoc
595 565 675 626 idem
691 566 799 628 merito
813 565 965 647 prohihet,
980 585 1051 629 casu
1066 586 1133 649 quo

148 652 284 730 pruritus
308 671 370 715 non
385 653 423 716 sit
437 652 524 715 valde
547 652 702 715 molestus.
721 653 877 716 Afortiori
900 654 992 716 licent
1011 661 1134 718 caeterae

148 741 281 802 actiones
303 741 476 804 nullatenus
498 741 676 817 inhonestae,
692 743 716 803 si
745 741 868 805 aliunde
881 744 970 806 utiles
989 744 1059 822 siut,
1075 738 1136 808 elsi

149 829 349 907 praevideatur
368 836 508 893 secutura
532 829 681 910 pollutio:
710 831 753 892 sic
779 831 848 893 licet
875 834 1135 913 equitare,causa

149 921 251 978 tamen
266 917 412 995 utilitatis,
427 924 457 979 et
484 918 576 980 etiam
598 928 689 980 causa
703 920 908 994 recreationis,
922 921 1007 1002 juxta
1019 920 1136 1003 Sporer

150 1008 179 1064 et
200 1004 276 1066 alios
301 1007 420 1087 plures3
446 1006 516 1068 licet
540 1007 650 1085 pariter
673 1006 858 1070 decumbere
883 1009 987 1089 aliquo
1010 1010 1068 1072 situ
1093 1012 1135 1072 ad

149 1094 340 1156 commodius
366 1093 608 1175 quiescendum,
637 1095 683 1156 vel
711 1095 798 1159 cibos
824 1095 939 1158 calidos
964 1105 1016 1159 aut
1042 1104 1137 1177 potus

150 1181 304 1244 moderate
318 1200 458 1252 sumere3
486 1181 559 1256 imo,
574 1182 657 1243 addit
680 1184 711 1244 S.
729 1183 865 1264 hippace,
880 1184 973 1246 etiam
989 1185 1138 1255 honestas

151 1267 278 1332 choreas
303 1270 431 1341 ducere;
459 1271 553 1331 etita
579 1273 795 1349 communiter,
811 1278 1014 1336 consentanee
1033 1274 1137 1342 verbis

152 1359 183 1421 S.
198 1357 322 1421 'rhomae
337 1358 420 1439 (M,
436 1377 469 1438 q.
482 1363 533 1435 dt,
549 1365 605 1420 art.
619 1360 669 1439 7):
691 1382 706 1419 o
720 1359 845 1434 Quando
855 1379 947 1423 causa
958 1360 1139 1433 habetduos

44 1491 46 1495 .
155 1468 171 1505 o
191 1445 325 1521 effectus,
342 1463 439 1509 unum
456 1447 576 1508 bouum
598 1450 728 1511 alterum
743 1449 870 1525 maium,
885 1449 959 1530 poni
974 1455 1071 1530 potest
1097 1469 1139 1513 ex

156 1556 172 1595 o
192 1534 361 1598 intentione
371 1535 464 1597 solius
475 1533 600 1597 effectus
612 1535 695 1611 honi,
712 1537 888 1618 permissive
900 1556 933 1600 se
943 1536 1084 1603 habendo
1097 1538 1140 1601 ad

157 1644 172 1680 o
196 1623 326 1685 malum.
348 1645 363 1682 a

193 1714 242 1773 34.
266 1711 299 1772 Si
313 1704 439 1792 pollutio
452 1711 580 1791 praevisa
592 1718 735 1793 sequatur
748 1732 786 1775 ex
799 1731 891 1776 causa
900 1713 1006 1776 leviter
1020 1713 1052 1777 in
1066 1732 1140 1783 eam

155 1799 310 1873 influente,
318 1800 371 1862 sed
380 1805 488 1881 praeter
497 1798 693 1877 voluntatem,
701 1808 786 1863 estne
799 1809 873 1864 tunc
883 1809 1039 1882 peccalum
1051 1820 1138 1864 mor-

153 1888 223 1962 tale,
231 1888 328 1971 posito
336 1888 418 1970 quod
431 1885 516 1948 nulla
526 1887 564 1948 sit
573 1891 793 1952 necessitasaut
803 1890 917 1952 utilitas
925 1890 1140 1954 illiuscausam

155 1975 313 2056 ponendil
328 2010 366 2024 -
381 1979 424 2040 De
438 1974 496 2036 hoc
513 1976 645 2040 multum
658 1977 815 2059 disputant
827 1980 890 2040 llll.
908 1999 915 2038 z
941 1978 1047 2043 Prima
1065 1997 1138 2042 sen-

154 2065 248 2127 tentio
261 2065 389 2128 affirmat
403 2061 544 2127 mortales
558 2084 623 2128 esse
637 2085 744 2128 omnes
759 2067 942 2148 pollutiones
954 2067 1095 2149 praevisas
1111 2074 1142 2132 et

156 2171 218 2216 non
235 2154 407 2235 impeditas,
420 2154 475 2217 etsi
491 2154 565 2217 alias
579 2172 670 2216 causa
685 2155 722 2216 sit
735 2154 825 2217 licita.
840 2154 973 2218 Secundo
987 2158 1142 2219 sententia

101 2318 103 2323 ,
155 2241 226 2304 dicit
238 2243 437 2323 pollutionem
450 2263 518 2308 esse
529 2244 694 2306 utormlem
713 2244 966 2324 quotiescumque
980 2260 1072 2305 causa
1094 2245 1142 2306 est

155 2328 247 2406 licita,
262 2332 317 2394 etsi
343 2332 457 2395 leviter.
487 2333 585 2396 Tertio
610 2331 761 2394 sententia
774 2339 856 2393 tenet
872 2332 1071 2413 pollutionem
1084 2350 1142 2393 so-

155 2417 313 2484 lummodo
339 2438 405 2483 esse
430 2422 608 2495 mortalem,
636 2420 759 2498 quando
786 2420 923 2500 procedit
949 2439 985 2483 ex
1011 2427 1141 2500 peccato

155 2506 239 2586 quod
252 2509 283 2570 iu
299 2527 331 2571 se
344 2513 389 2570 est
402 2512 528 2572 mortale
546 2528 552 2568 :
578 2514 609 2570 et
621 2525 677 2588 pro
689 2507 745 2569 hac
757 2509 907 2570 sententia
921 2508 1038 2575 videtur
1052 2517 1139 2572 stare

156 2596 187 2656 S.
203 2596 335 2659 'l'homas
348 2597 379 2676 (3
393 2604 482 2678 part,
499 2618 530 2679 q,
550 2601 601 2672 80,
617 2601 673 2657 art.
690 2595 734 2676 t).
752 2594 868 2670 Quarto
876 2596 1002 2659 demum
1014 2603 1144 2659 senten-

156 2684 197 2745 tia
210 2685 299 2747 docet
311 2686 511 2767 pollutionem
527 2704 589 2746 uon
603 2702 669 2746 esse
683 2683 842 2746 mortalem
855 2684 912 2745 nisi
927 2686 1083 2765 proveniat
1097 2703 1139 2746 ex

157 2791 248 2837 causa
262 2774 382 2836 mortali
405 2774 435 2835 in
451 2792 564 2856 genere
577 2772 717 2835 luxuriae.
735 2774 778 2834 lta
791 2776 998 2836 communiter
1016 2779 1047 2835 et
1061 2791 1140 2854 pro-

157 2861 304 2939 babilius;
329 2868 359 2925 et
370 2863 445 2926 ratio
456 2868 501 2925 est
513 2861 597 2944 quia,
612 2878 684 2923 cum
702 2879 740 2922 ex
753 2860 911 2943 hypothesi
926 2879 1018 2924 causa
1031 2861 1141 2925 leviter

156 2950 265 3018 influat
289 2951 322 3013 in
347 2951 561 3033 pollutionem,
574 2969 635 3012 non
664 2955 761 3030 potest
787 2968 852 3012 esse
870 2950 968 3031 gravis
995 2949 1143 3030 obligatio

159 3038 241 3101 illam
256 3057 378 3103 causam
393 3039 504 3103 vitandi
525 3039 564 3101 ob
576 3037 788 3118 pollutionem,
803 3057 872 3119 que
886 3038 959 3099 alias
974 3056 1037 3099 nou
1050 3043 1097 3100 est
1108 3039 1143 3102 in

98 3133 100 3140 '
157 3144 190 3192 se
204 3130 291 3192 volite
305 3151 314 3205 3
332 3129 386 3192 scd
400 3131 424 3191 si
439 3147 529 3193 causa
541 3129 581 3189 sit
594 3125 730 3189 mortalis
744 3127 776 3188 iu
791 3144 902 3207 genere
915 3125 1054 3200 luxuriae,
1065 3130 1143 3191 tuuc

158 3219 230 3297 poni
245 3218 350 3300 nequit
361 3218 524 3280 deliberate
548 3215 615 3278 talis
640 3233 731 3278 causa
758 3216 833 3297 quin
858 3219 990 3295 exponat
1003 3215 1143 3296 periculo

158 3307 297 3387 proximo
311 3304 519 3370 consentiendi
537 3303 655 3366 effectui
675 3303 783 3366 exinde
798 3302 1010 3375 subsecuturo,
1026 3302 1143 3366 scilicet

157 3395 327 3474 pollutioni,
344 3397 384 3457 ob
397 3403 512 3457 uaturae
523 3393 667 3455 humauae
680 3391 918 3473 corruptionem.

196 3487 245 3545 35.
269 3484 346 3545 Hinc
366 3482 516 3546 inlecturl
534 3499 597 3544 non
617 3500 683 3544 esse
698 3480 756 3543 nisi
770 3480 919 3543 venialem
934 3478 1138 3559 pollutionem

157 3588 226 3650 quae
237 3571 332 3633 oritur
345 3589 381 3632 ex
391 3570 543 3653 colloquio
557 3588 620 3633 non
637 3569 782 3633 diuturno
805 3574 859 3631 aut
884 3568 987 3631 leviter
1001 3567 1138 3632 obsceno

157 3674 228 3719 eum
239 3658 352 3739 puella,
367 3658 415 3721 vel
435 3676 472 3723 ex
493 3658 547 3722 levi
561 3665 686 3739 aspectu
700 3664 752 3722 aut
763 3657 829 3721 visu
849 3654 980 3740 partium
994 3655 1139 3721 honesta-
