2384 4138
176 156 214 218 ts
496 171 534 216 nn
556 169 648 217 nunus
668 169 822 215 vernans.

174 294 218 349 est
232 305 301 347 vera
316 287 486 366 cooperatio
509 287 540 346 in
565 285 725 365 copula‚et
739 284 870 364 reputari
890 284 981 346 debet
1002 293 1034 347 ut
1054 288 1149 351 actio.

175 378 218 435 lte
234 373 291 436 hoc
305 374 370 436 ride
391 376 422 436 S.
436 374 560 454 Lignor.
585 378 594 411 ¹
621 374 673 454 qui
695 372 777 435 addit
802 394 808 432 :
830 375 932 435 «Haec
947 375 1022 435 ratio
1044 383 1151 437 tamen

179 483 195 520 u
215 481 276 524 non
291 462 443 524 convincit
461 463 533 542 quia
545 461 595 522 illa
606 463 693 541 quies
707 479 769 522 non
780 466 878 541 potest
891 461 950 522 dici
966 462 1056 536 actio,
1072 463 1152 524 dum

179 571 195 608 u
217 550 406 613 nullomodo
429 556 474 610 est
497 549 634 630 positiva.
655 549 726 611 ldeo
741 551 838 630 prima
860 549 1020 622 sententia,
1038 568 1153 628 specu-

178 660 195 696 «
216 638 305 701 lative
324 638 494 719 loquendo,
516 655 571 699 sua
590 637 799 717 probabilitate
813 634 916 701 carere
932 655 994 698 nou
1014 637 1152 699 videtur.

179 748 195 785 u
216 729 282 787 Non
305 732 408 791 tamen
433 720 606 805 negandum
625 726 791 787 secundam
810 726 992 786 sententiam
1018 725 1048 785 in
1064 727 1153 805 praxi

180 837 195 873 a
216 815 342 876 omniuo
356 813 542 877 suadendam
558 831 635 886 esse,
656 813 763 875 saltem
779 813 819 874 ob
834 813 1002 892 perieulum
1017 831 1151 875 consen-

180 925 195 960 a
215 921 279 976 sus,
295 903 376 982 quod
397 902 493 962 inille
513 902 712 981 permissione
725 901 814 963 facile
828 901 934 962 adesse
948 908 1046 982 potest
1060 923 1089 962 a.
1115 905 1152 963 ln

177 1009 307 1053 numero
321 998 421 1052 autem
441 993 517 1063 430,
533 989 614 1050 idem
629 988 752 1051 sanctus
771 993 883 1051 Ductor
906 989 944 1049 de
966 989 1063 1068 prima
1082 1007 1153 1051 sen-

176 1078 355 1219 ffiptilauicit
370 1077 452 1160 quud
466 1078 504 1139 sit
517 1078 616 1158 potius
632 1077 810 1158 speculative
830 1097 920 1157 quum
931 1078 1065 1157 procace
1078 1097 1152 1158 pru-

232 1178 241 1218 ε
260 1178 295 1220 ts.
942 1176 944 1179 ’
1117 1220 1121 1228 .

218 1247 388 1309 Notandum
402 1265 473 1308 vero
488 1245 629 1327 estquod
645 1263 734 1306 casus
749 1244 798 1305 hic
810 1244 974 1320 discussus,
992 1263 1053 1306 nun
1069 1246 1152 1308 idem

177 1333 217 1394 sit
231 1334 354 1414 praecise
368 1353 403 1395 ac
418 1335 467 1396 ille
477 1334 508 1395 in
523 1353 585 1415 quo
597 1340 678 1395 caste
690 1334 829 1394 Susanna
841 1332 994 1412 implicata
1005 1332 1062 1395 luit
1078 1353 1086 1394 ε
1105 1335 1152 1395 in·

177 1418 272 1482 tames
286 1423 368 1483 enim
394 1421 455 1484 duo
469 1440 557 1484 senes
578 1439 640 1484 non
663 1420 821 1481 minabant
840 1421 925 1482 illam
945 1423 1046 1483 statim
1067 1424 1152 1485 occi·

177 1508 260 1584 dere,
280 1510 331 1570 sed
347 1515 463 1570 tantum
478 1529 546 1571 earn
565 1529 597 1572 se
609 1517 801 1571 accusaturus
815 1526 880 1570 esse
894 1508 933 1570 de
949 1518 1063 1590 patrato
1078 1529 1152 1572 cunr

177 1602 260 1658 certo
277 1597 388 1677 iuvene
400 1597 557 1671 adulterio,
574 1598 597 1659 si
614 1615 670 1659 suc
684 1595 832 1658 desiderio
849 1615 909 1657 non
922 1600 1080 1661 assentiret
1097 1617 1105 1660 ε
1120 1601 1150 1659 in

178 1703 240 1765 quo
253 1703 326 1746 casu
352 1704 413 1746 non
435 1685 551 1747 videtur
571 1704 658 1767 posse
678 1685 808 1746 dubitari
823 1685 898 1766 quin
920 1685 984 1766 ipsa
999 1696 1152 1750 teneretur

179 1791 211 1834 se
223 1791 326 1855 gerere
337 1780 427 1854 prout
440 1780 502 1834 tam
518 1774 658 1836 nobiliter
667 1772 749 1834 lecit.

175 1938 177 1943 ⁴
219 1875 270 1932 46.
293 1873 350 1932 Hic
363 1870 541 1933 subsidiaria
554 1871 667 1952 inquiri
681 1870 780 1933 adhuc
795 1878 901 1951 potest,
917 1890 956 1932 an
972 1872 1073 1951 puella
1087 1875 1152 1934 vio·

180 1958 276 2021 lenter
289 1977 444 2040 oppressa,
467 1959 561 2038 possit
572 1959 774 2021 incontinenti
786 1977 891 2021 semen
909 1959 963 2021 viri
982 1961 1152 2025 immissum

181 2048 331 2128 expellere
345 2066 383 2109 ne
394 2047 556 2126 concipiat.

196 2154 203 2164 ·
219 2134 355 2196 Affirmat
370 2136 558 2197 Sanclr.cum
568 2135 633 2197 aliis
644 2135 843 2217 quibusdam3
859 2137 910 2199 sed
926 2139 1154 2218 rectius‚inqoit

181 2226 212 2286 S.
238 2224 347 2304 Ligucr·
364 2223 430 2304 (lib.
452 2228 481 2293 a,
499 2232 531 2284 n⁰
552 2228 666 2298 95l‚r⁰
687 2224 876 2306 Destitutor),
891 2226 948 2287 hoc
970 2232 1097 2306 negatur
1118 2226 1153 2290 ab

181 2312 335 2392 aliis,quia
350 2330 509 2392 nunquam
521 2313 591 2374 licet
603 2312 711 2391 ejicere
725 2331 829 2376 semen
841 2322 993 2395 receptum
1009 2315 1039 2375 in
1056 2320 1152 2390 utero,

180 2420 218 2463 eu
230 2400 312 2482 quod
326 2408 400 2462 tunc
415 2401 466 2462 tint
488 2408 603 2463 naturae
625 2401 753 2480 injuria,
774 2404 1027 2483 propagationem
1045 2404 1153 2483 speciei

182 2490 323 2553 humanae
349 2489 566 2570 impediendo,
595 2496 625 2551 et
646 2496 721 2552 tunc
742 2491 782 2552 sit
803 2491 944 2571 quaedam
970 2490 1153 2572 participatio

181 2579 304 2642 crimini
328 2579 461 2640 abortus,
488 2579 592 2640 Posset
606 2585 721 2652 tamen,
748 2579 809 2641 imo
823 2586 977 2641 teneretur
999 2580 1110 2641 mulier
1130 2582 1153 2641 ri

181 2686 327 2749 oppressa
353 2685 385 2729 se
413 2673 529 2729 vertere
551 2674 582 2729 et
610 2667 726 2728 coitum
752 2668 992 2748 interrumpere,
1020 2669 1155 2749 quamvis

182 2775 287 2818 semen
299 2761 385 2817 extra
398 2774 450 2817 vas
474 2754 690 2831 effunderetur,
707 2757 780 2837 quia
793 2757 838 2818 sic
859 2774 919 2817 non
933 2756 1093 2835 expellitur
1107 2776 1155 2821 se-

183 2864 254 2907 men
273 2845 443 2905 immissum
465 2843 519 2906 sed
535 2843 697 2924 impeditur
712 2863 750 2906 ne
765 2844 957 2906 immittatur.

223 2948 273 3004 l'l.
296 2944 419 3014 Quaerit.
436 2946 468 3003 2⁰
482 2942 561 3014 Quid
577 2942 615 3003 sit
626 2941 867 3004 concubinatus?

224 3034 315 3112 Resp.
338 3030 566 3092 Concubinatus
590 3036 637 3092 est
649 3029 830 3093 concubitus
844 3030 924 3090 inter
943 3048 996 3092 eos
1016 3031 1082 3110 qni,
1105 3029 1159 3091 etsi

184 3121 320 3199 legitimo
343 3138 404 3181 nun
430 3121 489 3180 sint
510 3118 665 3203 coniuncti
692 3118 903 3192 matrimonio,
927 3126 1029 3180 tamen
1053 3120 1158 3181 uxorio

184 3210 276 3271 niodo
292 3209 370 3271 inter
391 3226 423 3270 se
434 3208 552 3293 uiuunt,
568 3207 674 3270 sivein
696 3206 802 3269 eadem
815 3207 876 3268 sive
890 3208 922 3268 in
936 3208 1053 3269 diversa
1066 3207 1158 3270 domo

184 3306 337 3359 maneant.
350 3289 510 3359 Cum'veru
524 3295 698 3373 hujusmodi
713 3296 842 3372 crimen,
852 3297 877 3358 si
891 3297 929 3357 sit
943 3295 1022 3358 inter
1037 3296 1156 3368 liberos,

184 3385 317 3466 simplici
333 3379 532 3448 *tornicationi
556 3383 738 3465 superaddat
762 3391 881 3447 tantum
901 3383 1156 3447 circumstantiam

185 3473 369 3536 habitudinis
382 3493 418 3536 ac
431 3474 568 3536 continui
578 3473 724 3554 peccandi
738 3473 894 3554 propositi,
910 3491 973 3535 non
985 3474 1088 3552 specie
1102 3474 1157 3537 dil·

218 3639 513 3720 syracusanus.
