2362 4094
174 180 231 240 idi
447 229 450 237 .
492 192 530 236 un
551 193 643 240 arnus
662 195 789 240 vaurms

173 314 304 376 invicem
318 318 495 393 potestatem
506 332 668 392 corporum
679 314 710 373 io
728 312 835 375 ordine
848 313 886 374 ad
905 314 1137 394 generationem:

177 401 276 465 Uxori
288 403 336 463 vir
348 401 478 462 debitum
492 400 603 472 reddat,
618 401 715 481 inquit
730 401 842 462 Paulus
858 402 882 480 (l
898 404 966 464 Cor.
977 422 1004 463 c.
1016 408 1045 462 7.
1058 422 1084 461 r.
1096 401 1139 480 3);

172 490 314 551 st'rnt'lt‘ter
323 499 419 550 nutent
433 497 461 550 et
470 509 544 550 uuor
559 490 634 550 niro.
647 489 761 551 Mulier
773 490 821 550 sui
832 493 963 571 corporis
973 498 1140 571 potestatem

174 599 233 639 nnn
247 577 341 651 lubet,
352 578 402 639 sed
414 579 470 640 uir.

213 671 283 728 ⁶287.
308 668 380 727 Haec
395 674 495 728 tanren
512 666 656 746 obligatio
670 667 701 726 in
715 667 804 727 certis
831 666 952 729 casibus
971 686 1033 727 uon
1049 673 1146 745 urget,

107 783 109 789 ·
176 774 300 835 nempe:
313 761 343 814 t⁰
352 755 450 835 prinro
461 756 595 816 bimestri
604 774 665 835 quo
676 755 766 817 etiam
778 755 1142 836 conjugibuspermittitur

175 843 213 908 ad
228 844 408 924 religionem
429 848 576 918 transire3
591 849 734 905 arcessat
755 862 793 904 ex
819 850 903 924 parte
926 844 1097 906 innocentis
1120 844 1141 903 si

175 934 269 994 altera
284 951 353 1014 pars
367 932 549 994 adulterium
565 933 769 994 commiserit:
788 932 940 1012 frangenti
958 933 1043 993 enim
1058 932 1140 992 iidem

103 1024 106 1027 ’
178 1020 252 1082 lides
265 1021 397 1101 amplius
418 1039 478 1082 nno
490 1022 631 1095 debetur3
647 1028 677 1081 nt
690 1029 807 1082 constat
823 1021 948 1102 insuper
962 1040 1000 1083 ex
1016 1022 1142 1100 ipsismet

177 1110 274 1173 verbis
289 1108 395 1173 Christi
411 1110 510 1171 dantis
531 1111 683 1172 licentiam
710 1109 880 1171 dimittendi
906 1129 1036 1172 uxorem
1062 1127 1141 1171 causa

125 1249 129 1257 .
177 1197 395 1271 fornicationis,
408 1207 523 1279 eccepto
530 1199 741 1277 fornicationis
749 1217 838 1260 consu
846 1199 889 1279 (S.
903 1199 1022 1269 Mattio,
1037 1218 1064 1260 c.
1076 1203 1104 1272 5,
1117 1218 1137 1256 t.

177 1287 248 1368 32);
266 1291 298 1347 3⁰
314 1287 337 1347 si
362 1294 469 1366 petens
483 1288 668 1348 commiserit
683 1289 813 1348 scienter
828 1289 979 1348 incestum
997 1307 1068 1350 cum
1083 1306 1141 1348 cou-

177 1375 351 1454 sanguineis
369 1375 493 1435 alterius
508 1376 585 1436 intra
600 1376 769 1437 secundum
792 1375 931 1455 gradum.
958 1412 993 1422 -·
1021 1381 1141 1438 Tenetur

176 1469 279 1523 tamen
294 1463 482 1523 incestuosus
498 1463 639 1547 detritum¹
663 1465 816 1525 innocenti
843 1465 981 1539 reddere,
1011 1467 1068 1525 nisi
1096 1465 1140 1524 iste

178 1551 300 1613 aliunde
315 1552 383 1631 jure
404 1553 524 1631 petendi
545 1554 729 1628 privaretur,
755 1555 785 1615 iu
810 1572 873 1635 quo
899 1573 973 1615 casu
998 1554 1140 1616 reddendo

116 1715 119 1722 Ι
179 1641 270 1700 etiam
286 1646 425 1720 peccaret
435 1641 635 1704 incestuosus.

218 1730 310 1794 Juxta
334 1729 617 1792 commodissimam
646 1732 836 1806 sententiam,
859 1737 988 1792 nonest
1010 1730 1140 1812 obligatio

181 1815 1051 1903 reddendiamentibusautabriis‚cumistiincapacessint
1060 1821 1138 1900 juris:

179 1907 285 1987 excipe
301 1906 357 1967 nisi
371 1907 429 1967 sint
443 1907 474 1967 in
491 1909 624 1985 periculo
640 1909 818 1990 prodigendi
841 1927 959 1978 semen,
976 1909 1024 1972 vel
1045 1912 1068 1969 si
1090 1926 1138 1968 nou

181 1994 241 2054 sint
256 1996 394 2056 universe
405 2003 552 2067 amentes,
567 2003 689 2058 autnon
701 1996 829 2057 omnino
841 1996 928 2058 ebrii.
945 1997 1140 2058 Gomrnnniter

182 2090 282 2144 tarrren
297 2083 465 2145 admittitur
476 2086 581 2146 iisdem
599 2103 686 2165 posse
703 2084 801 2161 reddi,
828 2085 853 2145 si
879 2085 956 2145 absit
984 2085 1138 2164 periculum

182 2172 314 2234 scandali
325 2179 378 2234 aut
391 2172 526 2248 abortus,
543 2173 625 2256 quod
635 2180 716 2237 certe
729 2173 847 2235 adesset
857 2172 881 2234 si
903 2192 979 2234 uxor
1005 2182 1080 2236 esset
1099 2171 1139 2242 lu·

182 2273 293 2322 rrosa¹.

222 2353 291 2411 288⁵
316 2349 418 2410 Gravis
435 2349 573 2411 habenda
594 2358 640 2413 est
662 2351 808 2432 obligatio
837 2350 983 2415 reddendi
1005 2352 1137 2416 debitum,

109 2450 111 2453 ’
183 2439 254 2518 quia
269 2439 363 2518 ipsius
377 2438 529 2516 objectum
546 2438 630 2502 velut
641 2440 714 2518 quid
729 2457 817 2519 grave
839 2439 869 2499 in
886 2440 1013 2502 materia
1032 2439 1139 2520 justitie

183 2526 388 2589 cornruuniter
400 2536 566 2607 reputatur.

224 2615 367 2686 Quamvis
379 2615 556 2695 regulariter
569 2624 675 2678 neuter
685 2618 852 2696 conjugum
868 2626 1008 2679 teneatur
1021 2619 1138 2679 debiturn

187 2713 298 2784 petere,
316 2722 368 2783 per
380 2705 520 2765 accidens
539 2713 640 2766 tannen
655 2707 693 2766 ad
714 2706 744 2767 id
758 2708 884 2769 maritus
903 2707 1031 2787 obligari
1047 2713 1137 2788 potest,

186 2793 329 2853 nimirum
341 2793 364 2853 si
377 2811 453 2853 uxor
463 2794 551 2854 tacite
561 2795 670 2874 exigat,
679 2813 768 2856 suum
779 2795 963 2857 desiderium
975 2795 1138 2876 quibusdum

185 2882 279 2961 signis
294 2881 503 2942 ostendendo:
520 2883 550 2943 io
566 2883 743 2946 mulieribus
757 2885 851 2957 euim,
871 2885 911 2945 ob
923 2885 1138 2945 innatamvere-

185 2970 342 3044 cundiam,
359 2972 422 3032 sola
436 2972 522 3050 signa
537 2980 680 3052 tunquam
696 2992 766 3036 vera
787 2973 890 3052 petitio
910 2971 1049 3035 habenda
1072 2980 1138 3043 suut,

135 3051 142 3069 '
183 3061 267 3138 juxta
292 3077 490 3121 communem
517 3061 708 3124 sententiam.
732 3096 772 3108 --
791 3064 885 3124 Secus
919 3069 964 3123 ast
992 3062 1139 3126 dicendum

186 3148 285 3228 quoad
304 3148 401 3209 virum
417 3167 513 3209 :uxor
526 3151 608 3210 euim
625 3167 687 3212 uon
704 3157 825 3212 tenetur
837 3150 862 3212 ei
879 3150 1018 3212 debitum
1034 3151 1139 3213 reddare

134 3294 136 3297 ,
187 3238 243 3297 nisi
255 3238 280 3297 is
289 3255 429 3316 expresse
442 3239 551 3318 exigat.
568 3240 681 3320 Excipe
693 3241 749 3301 nisi
759 3247 837 3302 esset
847 3239 934 3303 valde
945 3241 1139 3320 pusillanimus

186 3333 237 3386 aut
250 3325 451 3398 verecundus,
465 3335 496 3385 et
509 3346 583 3388 uxor
601 3346 718 3408 magnae
733 3329 927 3402 auctoritatis
943 3337 997 3391 aut
1011 3349 1069 3392 uon
1084 3347 1139 3392 eru·

188 3413 336 3476 bescentis
349 3421 464 3477 naturae
479 3419 501 3476 ¹.

220 3607 243 3654 1.
256 3607 333 3657 Homo
345 3608 505 3671 Apostolicus,
520 3616 549 3659 tr.
564 3611 602 3671 tu,
616 3612 689 3671 miti.

220 3676 243 3724 Ξ.
262 3677 287 3725 S.
302 3677 413 3741 Lignum,
426 3679 469 3728 tin.
482 3681 505 3740 6,
521 3685 548 3729 n⁰
558 3684 613 3735 928.
