2384 4138
456 121 552 169 cumr
571 123 606 166 u.
981 106 1019 170 23

79 238 229 300 Observut
238 240 270 300 S.
281 238 404 318 Lignor.
416 243 439 313 ¹,
451 244 519 318 post
533 239 797 313 Salmanticenses,
813 255 874 299 non
884 241 1021 318 essepri-

37 325 176 387 vandum
190 326 280 387 tertio
294 332 377 406 parto
399 326 551 388 fructuum
566 327 711 388 clericum
727 328 778 406 qui
793 326 886 388 semel
900 335 1019 389 tantum

39 423 111 494 post
126 414 326 476 monitionem
341 416 516 494 peccaverit.

81 506 135 564 55.
162 502 470 576 Animadvertendum
494 521 565 566 vero
585 505 739 584 estquod,
763 507 786 566 si
807 504 965 585 agaturde
986 505 1021 566 iis

39 592 94 671 qui
110 609 219 653 curum
231 590 576 665 hubentunimnrum,de
591 592 730 672 parochis
739 612 864 675 nempe,
881 593 1019 665 sufficiat,

39 697 77 740 ex
90 678 229 741 Concilio
243 679 375 741 trident.
385 679 497 741 ¹semel
511 698 564 742 eos
577 680 742 743 admonere
757 691 790 744 ut
803 682 1019 757 emendentur,

39 777 70 828 et
89 769 119 829 si
136 766 231 829 adhuc
251 768 469 848 r‘ucorrr'pt‘diles
484 769 518 829 in
540 788 594 829 suu
617 772 754 850 nequitia
765 778 960 851 perseverent,
976 787 1022 830 eos

46 855 210 936 beneficiis,
217 856 313 937 jueta
330 875 478 918 sacrorum
492 876 636 918 canonum
656 859 888 932 constitutiones,
901 875 1020 938 esemp-

44 944 838 1028 tr'cneetcppellutiouequueurnqueremotu,priuuudi
847 946 1020 1027 fucultatem

42 1031 156 1093 tabent
172 1033 325 1113 Episcopi.
340 1034 407 1094 lind
421 1035 593 1119 consenti-re
612 1034 752 1096 videntur
767 1053 875 1095 omnes
892 1034 973 1114 qnod
990 1034 1019 1094 in

43 1138 117 1183 cusu
146 1119 292 1200 simplicis
315 1121 542 1194 fornicationis,
568 1123 733 1202 praesertim
756 1122 901 1203 publice,
929 1122 1022 1201 possit

44 1208 220 1289 Episcopus
232 1209 331 1271 statim
346 1209 510 1289 procedere
524 1210 561 1270 ud
571 1210 804 1290 depositionem,
820 1212 845 1271 si
860 1211 929 1271 tulis
942 1217 1021 1270 esset

45 1296 185 1376 regionis
197 1298 405 1372 consuetudo,
422 1305 451 1358 et
467 1298 525 1359 hoc
540 1297 653 1359 firmari
670 1306 768 1378 potest
780 1300 878 1360 citetis
893 1298 1019 1359 Concilii

43 1383 185 1446 'l'rident
193 1385 296 1447 uerbis
308 1408 313 1445 :
325 1386 458 1468 alioquin
470 1387 572 1467 punis.
580 1434 600 1447 ..
613 1387 761 1448 astututfs
770 1387 957 1448 eeclesiarum
966 1387 1021 1446 im·

41 1473 154 1554 positis
175 1475 352 1554 puniantur.
377 1474 436 1536 Sed
456 1475 486 1536 in
511 1474 569 1535 hcc
591 1493 663 1537 casn
689 1474 914 1556 procedendum
942 1483 1021 1535 esset

43 1565 132 1636 juxta
146 1571 308 1624 consuetus
327 1562 432 1641 judicii
446 1562 569 1636 formos,
586 1571 614 1623 et
632 1581 686 1644 per
700 1564 933 1644 appellationem
947 1568 1021 1623 tnnc

47 1650 201 1712 sententia
215 1667 360 1729 suspense
371 1650 458 1713 foret.

91 1741 139 1798 An
162 1745 262 1799 cutem
284 1738 385 1799 clerici
408 1738 520 1818 publici
540 1738 748 1800 concubinarii
777 1739 838 1799 sint
859 1740 925 1819 ipso
944 1739 1021 1800 facto

48 1826 202 1905 suspensi,
225 1827 474 1900 controvertitur,
502 1834 536 1888 ut
554 1835 598 1887 est
620 1826 721 1888 ridere
744 1827 824 1907 upud
853 1830 882 1888 S.
909 1828 1022 1906 Ligno-

48 1913 130 1974 rium
145 1914 167 1975 ³.

89 2001 141 2062 56.
159 2004 281 2074 Quaerit.
298 2003 420 2075 clunic
434 2003 473 2064 sit
483 2004 687 2065 meretricium
712 2012 741 2063 et
767 2021 805 2063 un
820 2003 920 2083 specie
933 2002 1022 2064 diffe-

49 2097 96 2153 mt
109 2109 128 2150 c
142 2091 272 2172 simplici
289 2092 510 2154 fornicatione?

93 2181 183 2259 Hesp.
200 2181 403 2242 meretricium
424 2179 609 2241 considerari
626 2198 713 2259 posse
732 2180 935 2258 nullunquam
959 2187 1021 2240 sta-

50 2275 136 2341 tum,
163 2274 216 2330 cut
241 2269 321 2330 velut
344 2276 458 2330 ectum.
496 2268 589 2330 Priori
609 2267 700 2329 modo
729 2267 953 2328 consideratum
979 2275 1024 2328 est

50 2357 186 2418 conditio
205 2357 341 2425 mulieris
360 2357 503 2419 omnibus
526 2359 686 2438 expositae3
703 2355 859 2438 posteriori
875 2374 958 2431 vero,
978 2363 1024 2417 est

50 2445 107 2507 riri
118 2446 299 2507 concubitus
313 2464 386 2507 cum
400 2446 573 2524 huiusmodi
585 2446 723 2518 muliere,
740 2445 784 2505 vel
802 2443 938 2525 ejusdcm
955 2462 1021 2505 rnu-

52 2534 135 2596 lieris
149 2552 220 2596 cum
233 2536 297 2595 viro
310 2541 502 2597 occurrente.

92 2623 297 2684 Meretricium
318 2630 362 2684 est
376 2629 456 2683 certe
477 2621 597 2702 gravius
618 2621 746 2701 simplici
772 2621 971 2683 fornicatione
986 2639 1022 2681 ex

53 2718 138 2791 purte
153 2711 302 2783 mulieris,
317 2713 433 2771 ratione
444 2728 542 2791 pravae
553 2709 696 2790 peccandi
709 2708 926 2789 dispositionis,
939 2728 1023 2770 scen-

52 2799 112 2859 dali
127 2805 156 2861 et
173 2800 348 2861 nocumenti
365 2799 456 2878 prolis
476 2817 544 2880 quae
558 2816 625 2859 ruro
639 2816 676 2859 ex
695 2798 864 2858 meretricio
879 2799 1022 2871 nescitur,

53 2893 85 2947 et
98 2889 228 2966 pessime
241 2886 394 2948 ordinarie
404 2887 560 2959 educatur,
574 2886 644 2946 dato
654 2886 735 2965 quod
747 2886 903 2965 continget
915 2885 1024 2945 exinde

56 2976 149 3036 nasci.
175 2977 242 3036 Non
266 2994 339 3055 ergo
357 2974 467 3037 suflicit
495 2982 528 3037 ut
553 2975 696 3035 meretrix
715 2982 836 3034 accuset
860 2991 1023 3034 nnmerum

54 3062 299 3132 fornicationum,
317 3063 368 3124 sed
392 3063 558 3144 patefacere
573 3062 662 3123 etiam
678 3061 768 3122 debet
785 3062 944 3122 meretricii
961 3068 1024 3121 sla-

55 3157 131 3211 tum.
148 3184 186 3197 -
206 3151 311 3222 Quoad
326 3151 435 3226 virum,
458 3150 585 3211 Billuurt
597 3167 668 3211 cum
683 3148 786 3228 Sylvio
800 3158 830 3208 et
851 3149 917 3209 aliis
938 3149 1024 3209 docet

57 3256 118 3298 non
146 3238 238 3300 videri
259 3239 464 3300 necessarium
491 3235 642 3315 explicere
663 3236 693 3294 in
717 3234 908 3295 confessione
928 3252 966 3294 an
989 3236 1026 3294 sit

86 3466 109 3514 l.
125 3463 178 3513 Lib.
190 3464 215 3523 3,
230 3476 257 3513 n⁰
268 3464 322 3513 tlt.

88 3537 111 3585 Ξ.
130 3534 196 3584 Sese.
211 3534 251 3593 fl,
263 3550 285 3583 c.
297 3534 320 3593 u,
329 3535 365 3586 De
378 3533 488 3596 Reform.

89 3607 112 3657 3.
130 3604 182 3655 tit.
193 3605 216 3665 3,
233 3605 327 3664 nottt,
341 3613 371 3654 v⁰
382 3606 479 3657 Utrum.
