2384 4138
192 85 231 143 32
516 101 553 146 m
573 100 667 147 mous
686 100 842 147 rnuaams.

192 226 274 287 gare,
287 209 358 288 quia
372 216 555 284 contractus,
571 212 628 275 sub
651 212 825 275 conditione
838 210 941 272 iiticita
954 210 1063 283 initus,
1077 209 1153 270 inra-

193 295 271 358 iidus
293 303 337 358 est
352 316 359 356 :
375 297 427 359 sed
446 301 712 375 communissima,
735 301 820 381 juxta
845 301 876 361 S.
893 298 1030 377 Lignor„
1046 303 1155 359 tenetur

191 382 366 461 hujusmodi
381 389 615 467 promissionem
626 407 728 451 revera
739 388 884 468 obligare,
897 387 969 466 quia
978 387 1009 446 in
1023 393 1154 448 contrae-

191 471 271 534 tibus
298 475 510 550 innominatis,
532 476 569 537 do
594 486 627 538 at
652 478 711 546 der,
728 484 804 552 etc..
823 474 984 538 conventio
1013 474 1156 554 perficitur

192 560 337 623 duntaxat
357 564 480 643 quando
495 565 528 626 tit
553 566 595 626 rei
618 566 751 640 traditio,
768 564 850 626 unde
869 563 952 625 nulio
973 561 1082 638 modo,
1095 579 1156 623 caso

194 650 302 728 posito,
318 658 414 731 potest
428 653 533 715 adesse
545 654 687 735 obligatio
699 655 737 715 ad
752 671 819 714 rem
840 660 972 732 turpem,
988 670 1025 712 ac
1040 649 1157 730 proinde

193 744 289 798 cessat
312 739 387 800 ratio
407 741 657 803 adversariorum.
674 742 748 804 Vide
761 741 794 802 P.
809 740 891 820 Gury
906 743 927 800 ¹.
943 741 1055 800 Votum
1065 746 1157 799 tamen

193 825 302 886 emittit
321 829 352 889 S.
375 828 499 909 Liguor.
516 831 606 910 ¹quod
622 830 798 909 hujusmodi
825 828 1043 910 promissiones
1067 825 1158 887 matri·

194 915 288 975 monii
309 916 347 977 ad
361 917 557 980 obtinendam
581 918 809 981 deflorationem
833 917 1007 979 inratidaea
1030 916 1100 994 iure
1114 912 1159 974 de·

192 1001 352 1066 clarentur.

234 1112 283 1170 70.
307 1112 337 1172 Si
354 1132 406 1192 per
421 1113 528 1176 falsam
542 1115 775 1194 promissionem
802 1113 969 1187 extorserit,
995 1111 1098 1191 plures
1123 1109 1156 1169 di·

193 1203 267 1257 cunt
292 1199 505 1263 defloratorem
528 1202 717 1277 satisfacere,
746 1202 893 1264 damnum
921 1199 1091 1281 reparando
1116 1213 1158 1278 per

193 1282 314 1363 dotem3
344 1291 397 1351 sed
419 1293 636 1365 communiter,
653 1293 738 1370 juxta
751 1292 782 1352 S.
800 1291 934 1370 Lignor,
946 1288 1039 1349 etiam
1062 1288 1094 1348 in
1114 1285 1158 1345 bor

194 1389 277 1448 casu,
295 1379 437 1441 Doctores
457 1381 580 1442 tradunt
600 1379 804 1442 communiter
822 1383 1024 1458 stupratorem
1044 1371 1157 1455 obligari

193 1459 231 1519 ud
260 1466 499 1541 matrimonium,
535 1487 596 1529 non
623 1468 724 1530 solum
747 1466 787 1529 ob
810 1468 881 1546 Cap.
904 1468 917 1526 i
937 1466 981 1526 lte
1008 1462 1157 1537 adulterio,

194 1553 276 1626 quod
288 1555 372 1631 iuxta
397 1565 536 1618 sanctum
561 1559 722 1619 Ductorem
743 1574 805 1617 non
831 1554 903 1615 satis
926 1552 1043 1633 probat,
1061 1551 1114 1613 sed
1131 1549 1158 1612 ob

194 1640 251 1701 alia
266 1644 361 1704 muita
377 1651 541 1719 momenta,
557 1662 667 1724 nempe
682 1648 714 1704 to
730 1643 801 1724 quia
811 1641 835 1703 si
849 1641 1011 1702 defloratur
1024 1639 1158 1721 virginem

195 1727 354 1810 deceptam
369 1751 431 1794 non
450 1733 551 1806 ducat,
568 1750 727 1812 nunquam
743 1730 772 1793 ei
785 1729 891 1791 reddet
904 1727 1039 1808 aequaie;
1054 1733 1088 1790 2⁰
1102 1726 1159 1807 quia

195 1819 318 1896 quando
342 1839 422 1883 unus
445 1838 483 1881 ex
509 1820 759 1882 contrahentibus
772 1822 954 1880 conventum
969 1834 1008 1877 ex
1024 1834 1080 1876 sua
1094 1819 1160 1895 parte

196 1905 341 1986 implerit,
362 1908 437 1970 aiter
461 1926 498 1969 ex
519 1909 635 1986 iustitia
656 1908 783 1987 implere
803 1906 944 1967 etiamen
965 1922 1021 1964 sua
1034 1910 1159 1967 renatur.

196 1997 333 2072 quamvis
361 1995 429 2058 ticte
452 1997 649 2077 promiserit:
676 1996 722 2058 sic
747 1994 885 2057 venditor
910 2000 1029 2054 tenetur
1056 1989 1161 2053 tradere

196 2081 322 2145 domum
342 2086 493 2147 venditam
508 2105 562 2165 pro
577 2104 637 2166 qua
663 2084 795 2166 pretium
816 2082 879 2163 jam
903 2082 1017 2161 accepit
1036 2076 1160 2161 quamvis

196 2169 264 2234 ticte
279 2174 452 2253 promiserit
462 2175 483 2234 ².

236 2284 285 2341 rt.
303 2281 527 2361 Excipiendum
540 2300 545 2339 :
560 2288 590 2342 t⁰
603 2281 666 2342 Nisi
680 2280 793 2341 femina
807 2298 844 2341 ex
856 2278 953 2340 verbis
965 2277 1094 2338 autaiiis
1106 2292 1159 2338 con-

194 2367 319 2443 jecturis
333 2370 463 2449 potuerit
476 2369 562 2431 facite
571 2371 725 2431 advertere
739 2368 950 2448 deceptionem
958 2365 1158 2444 promittentis.

198 2454 240 2516 ita
269 2459 472 2519 communiter
497 2459 531 2515 ³:
554 2468 583 2519 et
608 2459 665 2519 boc
688 2456 773 2518 raidc
800 2454 996 2535 probabiliter¹
1026 2449 1161 2528 contingit

199 2544 323 2623 quando
338 2554 489 2624 stuprator
515 2546 687 2608 notabiliter
710 2544 828 2607 excedit
847 2545 876 2603 in
902 2541 1055 2602 nobilitate
1071 2541 1117 2602 rei
1130 2538 1160 2599 di

198 2632 276 2692 vitiis
291 2634 402 2712 poeitae
416 2634 635 2707 conditionem,
651 2643 680 2694 et
708 2633 762 2694 ista
787 2633 942 2711 cognoscit
955 2628 1034 2690 hanc
1053 2628 1162 2709 dispari«

182 2758 184 2762 ι
200 2726 300 2781 tatem.
311 2724 349 2781 tta
365 2725 394 2782 S.
406 2721 536 2783 Thomas
547 2725 594 2781 *et
607 2723 655 2782 aiii
667 2719 769 2802 plures
783 2725 888 2781 contra
901 2717 1025 2778 Palaum
1040 2722 1071 2776 ct
1083 2716 1161 2777 aiios:

199 2816 227 2868 et
238 2807 295 2869 hoc
306 2818 349 2871 est
360 2810 524 2872 dicendum
535 2811 651 2871 etiamsi
667 2816 816 2890 stuprator
823 2808 996 2886 iuramento
1010 2801 1164 2884 promissio

200 2913 270 2957 nem
293 2897 465 2974 firmaverit,
483 2900 555 2979 quia
573 2900 782 2977 juramentum
794 2894 931 2976 sequitur
945 2901 1083 2955 naturam
1103 2906 1163 2954 con·

199 2988 313 3047 tractus
327 2995 356 3047 et
381 3006 443 3048 non
462 2987 575 3067 obligat
603 2988 680 3047 nitra
707 2991 840 3046 mentem
867 2981 1083 3063 promittentis.
1099 2982 1163 3048 lmo,

199 3073 284 3136 vaide
306 3075 503 3155 probabiliter
516 3077 556 3136 ita
578 3080 624 3136 est
647 3073 758 3156 pariter
778 3071 960 3147 dicendum,
983 3068 1055 3131 licat
1079 3062 1164 3149 puetb

234 3303 256 3352 1.
277 3303 304 3352 Τ.
320 3306 338 3365 i,
352 3315 380 3354 n⁰
392 3306 447 3356 729.

130 3419 135 3428 .
231 3373 254 3420 1.
274 3374 299 3424 S.
313 3374 426 3441 bigam..
439 3376 482 3427 tib.
496 3377 520 3439 3,
529 3376 620 3437 soora
633 3374 740 3437 stanter,
748 3374 775 3425 tn
783 3379 888 3435 remum,
898 3379 957 3434 eto,
970 3387 993 3436 p.
1005 3371 1048 3429 803
1060 3368 1163 3424 carrion

206 3443 336 3506 uelauit,
352 3458 379 3497 n⁰
392 3447 461 3509 1361,
478 3455 525 3499 etc.

230 3512 253 3561 3.
268 3517 292 3564 S.
308 3515 420 3582 Lignea,
434 3519 512 3581 totu,
525 3521 553 3569 n⁰
564 3517 621 3569 613.

232 3584 256 3633 1.
272 3584 409 3653 Suppara,
423 3606 449 3656 q.
462 3589 502 3653 to,
516 3595 562 3642 art.
576 3591 600 3653 2,
613 3588 681 3641 adt.
