2384 4138
170 197 189 255 6
497 212 534 256 mr
555 211 648 258 araus
668 211 820 259 1111111111,

170 326 247 399 nali,
262 345 346 407 ergo,
363 327 476 391 infacta
488 327 656 411 hypothesi,
668 329 838 411 recuperari
855 330 935 392 haud
949 330 1147 392 valetamissa

168 414 334 494 virginitas.
353 458 355 463 ·

211 507 258 565 19.
282 505 335 565 Vel
358 504 552 566 solummodo
565 506 711 569 amittitur
724 508 820 569 virtus
846 506 1023 588 virginitatis
1043 507 1146 587 quoad

169 609 260 652 suum
284 591 426 669 formale
453 612 563 673 nempe
587 595 857 674 propositumt
790 595 857 656 abst
858 595 960 656 inendi
984 596 1015 655 in
1035 614 1146 675 perpe-

168 658 256 741 luum
274 680 312 741 ab
330 684 415 743 ornni
435 682 517 744 dicto
538 683 746 763 experimento
764 684 974 746 delectationis
988 702 1144 762 venereae,

168 775 345 849 remanente
361 790 388 829 111
379 769 521 848 rateriali3
537 777 567 831 et
580 778 665 844 tunc,
681 781 836 852 resumpta
853 772 1031 833 voluntate
1024 791 1055 830 111
1071 790 1144 851 pos-

168 860 267 917 terum
283 855 471 932 abstinendi,
487 877 558 920 cum
577 858 676 920 adhue
696 877 767 920 vere
786 859 926 921 subsistat
944 860 1144 961 incorruptio,

168 961 222 1005 seu
237 946 391 1008 materiale
404 947 593 1027 virginitatis,
611 946 711 1008 adbuc
724 948 1032 1030 inveniturqnidquid
1043 949 1147 1028 requi

167 1032 265 1094 ritur'
259 1052 290 1093 m
305 1033 412 1096 virtute
433 1034 624 1115 virginitatis,
641 1053 677 1095 ae
691 1035 818 1116 proinde
839 1045 1046 1117 recuperatur.
1066 1039 1144 1115 lmo,

164 1120 249 1199 juxta
272 1122 398 1185 Billuart
423 1124 534 1204 (lata,
560 1124 643 1184 Dico.
671 1124 738 1205 ὅθ),
763 1124 958 1204 probabiliter
981 1125 1062 1185 idem
1084 1123 1146 1187 dici

166 1215 264 1288 potest
282 1230 353 1273 casn
374 1231 435 1292 quo
449 1212 558 1273 amissa
574 1211 631 1274 luit
643 1213 799 1293 virginitas
823 1233 877 1295 per
890 1214 987 1275 solam
1008 1211 1147 1274 delecta-

165 1298 282 1360 tionem
297 1318 463 1378 morosam,
479 1300 570 1363 etiam
585 1301 748 1363 accedente
760 1320 913 1363 consensu
934 1301 965 1361 in
981 1320 1068 1382 opus,
1084 1302 1145 1364 nisi

167 1386 233 1447 talis
246 1395 324 1449 esset
337 1388 494 1450 delectatio
505 1396 539 1450 ut
550 1407 586 1450 ex
597 1407 632 1450 ea
655 1398 725 1452 nata
740 1390 777 1451 sit
790 1390 875 1471 sequi
887 1390 1024 1470 pollutio,
1035 1388 1091 1450 etsi
1106 1391 1145 1453 de

165 1472 245 1536 facto
259 1494 322 1536 non
337 1475 426 1538 fuerit
440 1484 554 1539 secuta.

205 1567 254 1626 20.
279 1564 337 1625 Sed
352 1565 471 1644 quidsi
490 1565 579 1627 fuerit
593 1567 703 1628 amissa
721 1585 775 1648 per
792 1573 877 1629 actus
891 1565 1085 1642 libidinosos,
1111 1576 1146 1628 ut

165 1652 1146 1734 suntcopulatactus,aspectusturpes,etc.,quinaccideritpol·

166 1738 263 1801 lutiol
277 1740 418 1802 Potestne
432 1746 505 1803 tunc
519 1744 690 1821 recuperari
705 1743 798 1805 virtus
811 1741 1012 1822 virginitatis?
1089 1773 1092 1776 <

205 1828 313 1890 Verius
325 1834 410 1899 tunc,
417 1831 503 1908 juxta
518 1830 600 1892 idem
614 1831 741 1892 Billuart
754 1831 843 1912 (Ibid.
858 1830 929 1892 Dico
943 1839 976 1890 n⁰
991 1833 1033 1907 4),
1049 1828 1144 1910 virgi·

166 1916 243 1977 nitas
258 1935 319 1979 non
339 1927 435 1998 potest
449 1919 592 1999 reparari,
607 1919 715 1981 saltem
738 1921 769 1980 in
785 1921 822 1981 iia
836 1920 900 1999 qui,
916 1924 1027 1980 attenta
1043 1923 1141 1994 aetate,

165 2012 236 2066 sunt
259 2024 386 2086 capaces
409 2008 640 2086 seminationis3
665 2009 738 2089 quia
770 2008 944 2088 huJusmodi
971 2012 1074 2077 actus,
1105 2027 1142 2069 ex

166 2101 272 2156 natura
285 2103 381 2156 suaet
394 2113 432 2156 ex
454 2096 622 2157 intentione
643 2097 772 2176 agentis,
797 2097 835 2158 ad
856 2095 1057 2176 pollutionem
1072 2101 1143 2156 ten-

164 2181 258 2261 dunt3
282 2191 312 2246 et
325 2202 380 2263 per
404 2184 546 2246 accidens
572 2192 692 2246 tantum
705 2186 805 2247 evenit
825 2184 907 2265 quod
931 2184 1057 2265 pollutio
1078 2202 1142 2246 non

163 2272 329 2352 contingat.
356 2275 461 2334 Porro
480 2275 512 2334 in
542 2274 708 2336 moralibus
735 2274 885 2354 judicium
917 2272 1013 2334 fertur
1039 2271 1077 2332 de
1105 2272 1143 2335 iis

163 2378 232 2440 quae
246 2368 316 2422 suut
328 2378 382 2440 per
396 2361 439 2438 se,
451 2369 483 2423 et
497 2381 558 2423 non
573 2380 627 2442 per
642 2362 782 2425 accidens
799 2383 805 2422 :
825 2361 962 2441 alioquin
974 2358 1142 2421 absurdum

163 2448 221 2511 hoc
234 2448 454 2511 admittendum
464 2450 551 2526 foret,
563 2451 662 2531 inquit
669 2451 762 2528 idem,
777 2449 860 2533 quod
873 2449 968 2531 is‚qni
984 2448 1141 2528 persolam

162 2538 395 2608 delectationem
404 2557 556 2601 morosam
565 2541 765 2622 pollutionem
776 2539 870 2602 semel
882 2538 939 2600 sibi
954 2546 1141 2619 procuraret,

163 2627 312 2688 amitteret
334 2627 568 2708 irreparabiliter
588 2629 812 2709 virginitatem,
837 2646 930 2709 quam
954 2634 1056 2690 tamen
1078 2644 1140 2687 non

162 2715 311 2778 amitteret
334 2716 568 2795 irreparabiliter
587 2718 639 2799 qui
663 2718 819 2799 sodomiae
839 2717 952 2779 centies
977 2716 1142 2778 foedaretur

162 2803 277 2885 absque
292 2804 466 2884 pollutione
478 2812 508 2866 et
523 2806 606 2887 quod
619 2808 644 2867 is
655 2805 767 2868 habere
781 2813 882 2886 posset
905 2805 1064 2867 aureolam
1079 2823 1140 2885 qua

167 2893 335 2985 privaretur
350 2893 436 2955 alter

202 2972 323 3052 Excipit
343 2971 375 3034 S.
396 2972 528 3035 Thomas
542 2974 718 3054 impuberes
739 2974 970 3037 seminationis
963 2990 1139 3053 mcapaces·

163 3061 216 3122 sed
228 3061 354 3123 advertit
368 3063 528 3140 Cajetanus
542 3081 649 3124 sexum
663 3063 829 3125 femineum
848 3082 913 3126 esse
931 3062 1141 3124 seminationis

161 3167 304 3230 capacem
337 3156 407 3213 ante
430 3151 596 3232 pubertatis
620 3169 737 3228 annos,
764 3152 855 3213 etiam
880 3153 912 3213 in
937 3158 1022 3213 sexto
1045 3151 1141 3212 aetatis

164 3255 273 3299 anno.
267 3259 274 3272 ·
290 3238 372 3302 unde
386 3241 529 3302 mulieres
543 3240 634 3321 longe
647 3240 736 3302 citius
749 3259 841 3321 quam
856 3241 911 3303 viri
923 3247 1050 3322 possunt
1064 3239 1142 3301 irre-

161 3326 333 3406 parabiliter
352 3328 488 3390 amittere
510 3329 723 3408 virginitatem
748 3329 872 3410 Deque
897 3328 963 3392 vide
986 3329 1076 3390 etiam
1099 3330 1137 3391 D

161 3415 330 3490 Ronsselol,
357 3418 391 3478 111
408 3426 523 3480 sentum
543 3416 687 3499 Decclopi
707 3420 934 3509 preceptum]
951 3419 983 3478 G.
1009 3417 1138 3495 Saet,tler

162 3507 273 3584 cap.,l
290 3504 428 3566 Hincbt

201 3596 250 3653 11.
276 3595 324 3653 dn
347 3599 448 3657 autem
462 3613 592 3675 persona
614 3567 799 3658 violatat
746 3601 799 3658 aut
821 3594 963 3677 polluta
955 3614 988 3655 m
1009 3613 1137 3672 somno

175 3678 315 3759 brietate,
333 3685 476 3763 amentia,
490 3690 543 3747 aut
556 3703 611 3766 per
628 3685 703 3764 vim,
724 3684 841 3748 amittat
857 3686 999 3749 virtutem
1011 3685 1139 3765 virgini-
