2378 4102
297 167 487 218 urssnnrarro
508 168 540 217 u.
567 169 658 218 curun
677 174 722 219 ur.
939 158 995 222 lui

35 286 94 366 quia
121 295 194 349 tunc
224 286 352 349 reddens
377 298 557 369 cooperatur
577 295 700 371 peccato
720 289 841 352 alterius
862 293 913 373 qni
936 310 997 354 non

34 375 111 437 babet
123 378 172 455 ius
184 377 240 438 nisi
262 376 299 438 ad
316 377 431 439 licitum
454 397 544 441 usum
566 378 760 441 matrimonii.
780 380 851 442 Haec
866 383 997 444 secunda

33 467 219 527 sententiani
242 466 404 545 probabilis
433 467 590 529 babetura
614 470 645 529 S.
660 469 795 546 bigone,
826 471 877 550 qui
896 479 997 532 tamen

34 554 149 630 primam
165 562 285 637 reputat
295 554 528 635 probabiliorem
542 557 647 617 saltem
671 559 837 619 extrinsece
849 558 889 619 ob
905 559 998 621 innu-

9 694 11 717 ,
33 659 121 703 meins
139 651 276 705 auctores
288 643 328 704 ita
342 643 516 718 sentientes
529 652 558 704 et
569 645 672 705 nititur
690 644 746 707 bac
770 648 897 715 ratione,
915 649 997 727 quod

9 720 180 795 {destrictus
215 739 283 792 voto
316 732 425 794 retinet
457 733 506 810 jus
534 732 781 814 adpetendum,
810 754 846 797 oe
872 734 998 816 proinde

9 798 11 893 l
33 839 161 900 crinrpars
172 827 293 881 tenetur
306 821 348 881 illi
361 820 499 894 reddere,
523 822 601 882 sicul
610 821 729 883 debitor
742 830 895 886 teneretur
910 824 998 886 resti-

9 916 11 969 t
34 916 106 969 tuere
120 909 258 970 creditori
275 927 364 970 suum
384 909 435 988 jus
454 912 646 989 prosequenti
667 912 805 990 quamvis
828 913 997 975 istevotum

9 996 172 1109 pernisisset
198 998 272 1059 illud
303 1016 362 1057 non
389 996 539 1077 exigendi.
558 1032 594 1044 -
619 1001 681 1059 Nec
703 1000 762 1060 diei
790 1007 887 1079 potest
914 1002 998 1083 quod

31 1086 150 1147 reddens
176 1094 355 1165 cooperetur
381 1093 503 1165 peccato
529 1087 629 1147 illicite
655 1087 796 1167 petentis,
823 1107 895 1150 cum
923 1089 998 1151 illud

9 1170 11 1221 l
32 1182 151 1253 nequeat
176 1175 240 1255 ipse
256 1170 415 1254 impedire,
432 1182 461 1234 et
481 1180 583 1236 actum
605 1174 733 1247 licitum,
750 1175 812 1236 imo
826 1193 861 1236 en
882 1177 998 1254 justitia

9 1260 155 1324 ldcbitum
181 1263 281 1324 iaciat.
308 1296 345 1308 —
370 1266 503 1324 'l'enelur
531 1268 631 1324 tamen
656 1264 786 1324 reddens
814 1264 843 1324 in
868 1283 939 1326 casu
960 1283 998 1327 ex

32 1349 165 1412 charitate
176 1351 435 1430 monereligutum
453 1357 521 1412 vulo
536 1359 568 1412 ut
581 1371 597 1412 a
612 1350 896 1431 petitionedesistat,
906 1353 998 1414 modo

9 1438 11 1459 ÷
33 1435 57 1496 id
72 1438 131 1500 beri
145 1440 239 1520 possit
255 1440 369 1520 absque
399 1458 510 1520 magno
534 1440 738 1502 incommodo.
756 1476 794 1486 -·
810 1441 916 1502 Melius
930 1449 999 1521 eget

33 1532 96 1588 tunc
110 1528 240 1590 reddens
253 1527 277 1588 si
291 1526 354 1609 ipse
377 1528 508 1608 petendo
521 1529 700 1608 praereniat;
728 1529 780 1590 sed
801 1548 868 1592 roro
888 1547 998 1592 uxores

9 1636 10 1689 3
32 1614 130 1678 adbuc
144 1623 287 1678 tenentur
302 1622 424 1694 propter
435 1617 650 1678 verecundiam
664 1620 685 1676 ¹.

9 1714 10 1787 J
66 1706 138 1766 Casu
154 1713 255 1767 autem
269 1722 330 1786 quo
345 1723 455 1766 vorens
469 1723 609 1785 expresse
624 1724 714 1767 suum
727 1706 778 1783 jus
794 1706 915 1788 petendi
930 1725 996 1769 ces·
1039 1736 1043 1743 ·

9 1814 10 1821 ι
32 1791 110 1852 sisset
122 1793 218 1862 alteri,
232 1794 310 1854 licite
325 1795 381 1853 isle
397 1802 495 1873 posset
511 1811 640 1855 renuere
654 1794 801 1856 debitum.

71 1904 83 1937 u
103 1881 132 1943 Si
153 1901 224 1943 vero
244 1889 324 1962 petat
338 1883 448 1959 conjux
463 1882 663 1957 incestuosus,
687 1882 790 1963 qul...
809 1884 941 1963 privatus
955 1891 999 1945 est

9 1980 10 1983 ’
35 1989 48 2023 o
64 1970 128 2046 jure
140 1971 274 2051 petendi,
291 1972 364 2031 ulter
382 1989 441 2030 non
458 1981 577 2031 tenetur
591 1971 727 2051 quidem,
741 1971 793 2032 sed
808 1972 884 2032 bene
901 1979 997 2052 potest

34 2077 48 2112 a
66 2060 90 2118 ei
106 2060 242 2135 reddere,
258 2078 328 2120 cum
345 2058 400 2139 ipsi
424 2077 544 2139 semper
563 2066 714 2139 corripetat
727 2060 776 2139 jus
797 2066 858 2120 tam
876 2060 997 2139 petendi

35 2165 47 2199 ι
66 2157 155 2227 qu‘om
171 2148 316 2209 reddendi
326 2150 347 2208 ².
363 2169 378 2204 r
399 2150 438 2208 ltu
451 2147 645 2211 communius
659 2154 688 2208 et
703 2148 908 2227 probabilius:
927 2166 998 2207 narn

31 2234 89 2296 aliae
104 2246 173 2299 sunt
187 2236 352 2305 sententiae,
371 2244 404 2297 ut
419 2235 510 2297 rideri
523 2244 632 2316 potest,
648 2234 729 2315 apud
742 2237 772 2296 S.
790 2237 913 2315 Lignor.
924 2237 945 2297 ³.

66 2346 131 2404 298.
155 2340 326 2404 insecundo
340 2359 499 2423 retunso
512 2342 626 2403 scilicet
640 2349 745 2421 petens
757 2342 850 2420 exigit
861 2340 997 2403 debitum

31 2445 94 2490 eum
116 2440 240 2512 peccato
264 2431 384 2505 veniali,
406 2429 510 2510 plures
533 2438 673 2491 auctores
701 2430 806 2492 dicunt
831 2431 997 2510 generatim

33 2523 98 2580 tunc
116 2520 222 2581 adesse
241 2519 455 2598 obligationem
475 2518 643 2579 reddendi:
661 2518 709 2578 alii
724 2529 825 2579 temen
842 2519 999 2598 requirunt

32 2611 96 2668 tunc
107 2609 218 2686 justam
234 2625 356 2667 causum
369 2627 404 2668 ex
422 2616 504 2687 parte
520 2612 660 2688 pelenus.
679 2610 769 2669 ilecte
785 2614 885 2669 autem
901 2610 931 2668 S.
950 2609 998 2667 bi-

32 2712 110 2770 guor.
135 2697 295 2777 distinguit
319 2697 397 2758 sicul
424 2698 454 2756 in
481 2716 551 2757 casu
579 2697 788 2777 praecedenti:
813 2696 860 2757 vel
888 2715 998 2778 nempe

32 2793 108 2847 aetus
120 2794 165 2848 est
177 2786 300 2847 illicitus
310 2804 346 2846 ex
362 2794 445 2866 parte
461 2787 599 2866 petentis,
614 2804 643 2845 r.
658 2806 688 2865 g.
705 2787 729 2846 si
745 2792 825 2865 petat
839 2785 878 2846 ob
893 2786 998 2864 uolup-

30 2876 123 2941 tatem,
140 2881 192 2936 aut
210 2875 259 2934 die
281 2893 342 2954 quo
357 2874 419 2935 vult
441 2873 658 2935 Euoburistiam
675 2891 807 2946 sumere,
823 2880 937 2947 ettunc
955 2882 1000 2934 est

31 2960 166 3043 obligatio
190 2962 347 3036 reddendi,
362 2963 434 3043 quia
449 2970 533 3024 actus
548 2970 592 3023 est
612 2963 643 3022 iu
667 2962 809 3023 solicitus
829 2969 858 3023 et
871 2961 1000 3023 debetur

31 3065 62 3110 ax
81 3052 206 3129 Justitia.
224 3052 253 3112 si
275 3071 345 3112 vcro
367 3058 453 3112 actus
473 3059 518 3112 est
538 3052 619 3111 inse
641 3051 796 3111 venialiter
816 3050 948 3124 illicitus,
975 3051 998 3111 si
1061 3067 1063 3071 ’

33 3153 134 3221 nerrrpe
150 3145 267 3221 petatur
281 3139 337 3200 situ
354 3140 534 3212 innaturali,
548 3140 593 3198 rel
609 3147 742 3219 ternpore
764 3139 932 3213 menstrui,
949 3147 1000 3200 out

33 3231 189 3310 puerperii,
220 3228 335 3290 licitum
362 3229 486 3309 quidem
510 3234 555 3289 est
576 3233 650 3288 tunc
676 3226 801 3288 reddere
825 3246 897 3288 eum
920 3229 1000 3304 justu

32 3330 113 3380 causa
123 3328 225 3380 actum
236 3317 494 3391 cobouestunte,r.
507 3337 537 3396 g.
550 3335 589 3377 ue
599 3315 980 3399 incurratindignationem
988 3335 998 3389 3

59 3530 79 3579 l.
97 3530 123 3580 S.
143 3531 256 3594 Liguor„
273 3529 316 3579 lib.
331 3530 354 3587 o,
367 3539 393 3578 ιιο
406 3529 462 3579 att.

59 3602 80 3652 ἓ.
97 3605 176 3654 Homo
186 3602 283 3667 Apoll„
298 3608 327 3650 tr.
343 3601 381 3656 ts.
395 3600 471 3651 mlii.

58 3672 79 3725 3.
97 3674 189 3735 bibli,
207 3684 234 3723 ιιι)
246 3673 301 3724 945.
