2362 4094
304 221 494 267 nissumsrro
514 220 549 266 n.
573 221 666 267 aanor
687 221 732 266 111.
759 185 763 191 ¹
950 210 1007 270 163

6 360 8 381 2
74 345 141 404 289.
166 343 234 401 lino
250 338 422 399 nonsolum
449 337 494 397 vir
510 336 562 396 sed
590 338 680 397 artium
704 355 781 398 uxor
806 345 925 400 tenetur
952 358 1008 401 suo
1036 333 1039 339 ’

41 429 124 490 modo
150 428 290 490 debitum
313 433 428 506 petere,
450 425 474 485 si
498 423 573 486 alter
587 425 698 503 conjux
713 426 752 486 sit
765 427 795 487 in
806 427 939 506 periculo
959 430 1008 489 in·
1073 468 1075 473 -

6 518 7 523 ’
39 517 238 578 continentiae.
255 518 298 576 lta
311 514 536 586 communiter3
552 549 588 558 --
603 516 834 576 controvertitur
855 522 957 577 autem
969 536 1007 578 an

39 606 70 666 ad
86 607 116 667 id
130 607 446 684 conjugestoneantur
460 602 620 680 exjustitia
634 601 679 663 rel
693 621 729 663 ex
744 603 886 665 charitate
897 604 955 678 ,et
970 607 1010 667 ob

39 693 110 755 hano
135 692 374 754 controversiam
399 689 554 751 concludit
581 692 612 751 S.
642 691 874 770 Liguorius¹ad
890 693 918 753 id
948 713 1009 754 non

39 783 126 844 teneri
141 784 290 860 conjuges
302 797 374 841 oum
386 797 499 857 magno
522 778 737 840 incommodo:
753 779 835 841 uude
850 780 1012 859 probabili-

38 875 78 932 ter
90 888 167 933 uxor
181 869 220 930 ab
239 869 296 929 hae
319 867 464 948 petitione
477 874 649 942 excusatur,
665 866 688 926 si
716 874 873 947 propterea
902 887 1012 950 magna

39 958 213 1021 verecundia
227 956 384 1018 afficiatur.
547 964 550 970 '

74 1048 141 1110 lau.
168 1046 282 1108 Pacisci
297 1049 426 1124 possunt
439 1044 585 1122 conjuges
598 1042 636 1104 de
653 1060 712 1104 non
726 1043 841 1105 utendo
853 1046 1012 1107 matrimo-

40 1138 107 1209 nio,
133 1146 161 1197 et
187 1146 263 1196 tuno
293 1134 360 1214 cogi
394 1139 549 1213 nequeunt
572 1130 609 1191 ad
638 1130 774 1192 debitum
805 1131 993 1194 reddendum
1002 1156 1010 1209 ;

39 1225 87 1285 sed
102 1226 160 1286 hoe
175 1230 297 1306 paetum
312 1227 439 1302 possunt
462 1227 569 1283 mutuo
583 1239 734 1281 consensu
749 1220 931 1293 rescindere,
950 1241 1011 1283 non

40 1332 106 1375 vero
120 1333 201 1375 uirus
212 1312 306 1373 altero
321 1312 425 1371 invito.
434 1310 632 1371 -Caeterlrm
642 1308 700 1370 hoe
713 1316 833 1389 paetum
844 1327 912 1370 raro
924 1329 1013 1389 expe·

39 1400 90 1475 dit,
106 1409 137 1463 el
155 1401 179 1462 si
203 1401 313 1462 initum
328 1398 432 1474 luerit,
445 1399 675 1478 superveniente
689 1397 916 1460 incontinentiae
933 1401 1013 1479 peri-

39 1491 116 1564 culo,
134 1490 247 1551 remitti
265 1489 355 1550 debet
377 1506 414 1547 ex
428 1486 584 1561 charitate,
598 1486 704 1547 saltem
717 1485 898 1567 adtempus,
916 1496 947 1548 ut
961 1507 1014 1568 per

40 1579 183 1659 copulam¹
194 1577 359 1658 compartis
375 1575 594 1637 incontinentia
610 1573 793 1650 impediatur
806 1579 830 1635 ².

77 1672 145 1730 291.
177 1667 300 1738 Ouaerit.
337 1669 368 1726 l·
396 1666 443 1725 An
470 1670 573 1743 peccet
595 1663 725 1743 graviter
753 1664 864 1743 conjux
889 1681 950 1724 una
968 1667 1013 1726 vel

40 1756 207 1818 alleravioe
224 1772 338 1833 negans
349 1752 506 1814 detritum‘l
728 1805 735 1821 ,

78 1847 167 1924 Resp.
192 1847 274 1904 Duas
288 1860 354 1903 esse
370 1841 553 1902 sententias:
568 1839 677 1900 Prima
691 1846 790 1921 negat,
809 1839 900 1901 modo
915 1843 1014 1921 pollu-

38 1935 128 1994 tionis
141 1953 195 1995 seu
222 1929 448 1993 incontinentiae
472 1930 548 1990 absit
562 1929 744 2009 periculum,
770 1929 842 2009 quia
865 1929 894 1988 id
918 1933 1015 2010 gravis

40 2023 163 2083 materia
178 2039 241 2081 non
256 2019 382 2080 videtur.
400 2054 437 2064 -
457 2017 594 2080 Secundo
615 2017 754 2092 allirmat,
781 2018 872 2079 etiam
899 2029 1015 2081 remoto

39 2110 214 2191 pollutionis
229 2108 374 2189 periculo,
391 2108 460 2187 quia
474 2108 538 2168 haec
555 2108 680 2168 materia
694 2114 738 2167 sat
754 2107 851 2186 gravis
865 2114 909 2168 est
925 2124 1015 2187 rapu*

41 2199 142 2275 tanda,
171 2204 237 2259 tum
266 2197 381 2274 ratione
403 2196 507 2276 prolis,
531 2214 600 2275 quan
626 2214 662 2255 ex
684 2195 773 2256 unica
798 2196 906 2274 copula
934 2197 1014 2256 nasci

41 2298 149 2368 potest,
170 2296 236 2347 tum
255 2285 295 2348 ob
318 2283 500 2346 discordiam
526 2290 556 2344 et
579 2285 747 2363 periculum
775 2283 1014 2360 incontinentiae,

41 2395 108 2456 quae
135 2375 247 2436 exhinc
273 2373 418 2453 subsequi
435 2373 543 2434 solent.
559 2373 713 2434 -Prima
733 2376 763 2433 S.
787 2372 929 2452 Lignorio
955 2392 1016 2433 non

41 2466 158 2526 videtur
185 2463 404 2544 improbabilis,
428 2480 465 2523 eo
479 2462 561 2543 quod
574 2463 706 2525 materiae
721 2465 849 2543 gravitas
862 2463 900 2524 ab
915 2461 1016 2522 homi-

42 2573 115 2615 num
130 2553 353 2626 existimatione
367 2550 405 2612 sit
418 2550 584 2630 pensanda,
598 2558 628 2612 et
646 2551 732 2613 multi
760 2571 865 2633 graves
880 2557 1017 2613 auctores

42 2641 316 2716 huioadhaereant3
346 2638 446 2720 quoad
471 2658 542 2701 vero
566 2639 659 2723 prolis
683 2643 933 2720 proor'eationem,
958 2640 1017 2700 dici

41 2738 139 2812 potest
155 2748 221 2792 esse
236 2729 267 2789 in
282 2748 353 2790 casu
368 2728 455 2790 valde
471 2729 629 2791 incertam.

81 2823 151 2880 292.
175 2817 374 2878 Consentiunt
383 2835 454 2877 vero
469 2820 530 2877 DD.
544 2836 604 2879 non
621 2835 745 2898 [renuere
764 2836 890 2879 uxorem
902 2837 1016 2898 negan-

41 2907 92 2982 do,
110 2908 135 2967 si
150 2908 193 2967 vir
220 2906 363 2966 benevole
377 2907 518 2981 remittat,
535 2914 586 2967 aul
602 2909 727 2967 remisse
741 2913 831 2987 petat,
848 2908 893 2968 vel
907 2910 931 2969 si
954 2910 1018 2988 ipsa

43 3002 133 3075 neget
145 3013 215 3056 cuni
229 2995 308 3071 justa
321 3012 422 3055 eausa.
440 2995 627 3057 Peoeatvero
642 2997 666 3056 si
680 2998 725 3057 vir
741 3016 801 3056 non
817 2998 950 3058 remittat
962 2998 1018 3058 nisi

41 3086 128 3167 quasi
152 3091 275 3145 coaetus
290 3084 471 3163 importunis
494 3084 652 3164 precibus3
676 3093 705 3146 et
733 3086 858 3147 mortale
877 3095 951 3148 tune
965 3088 1021 3147 erit

42 3179 202 3256 peecatum
229 3174 253 3232 si
280 3172 345 3252 ipse
372 3172 404 3232 in
427 3174 562 3252 periculo
592 3180 670 3234 esset
694 3174 933 3246 incontinentiae,
965 3175 1020 3235 nisi

42 3262 192 3327 renuendi
209 3279 286 3322 uxor
302 3278 423 3342 gravem
436 3269 465 3321 et
476 3263 589 3339 justam
602 3280 726 3322 causam
739 3263 873 3323 heberet.

82 3356 151 3414 Non
167 3357 269 3412 autem
291 3355 395 3429 peceat
415 3352 527 3429 coniux
548 3349 713 3410 identidem
737 3348 887 3429 negando,
903 3353 927 3410 si
949 3353 1022 3413 alter

42 3450 128 3506 extra
144 3439 369 3501 incrrntinenliae
381 3437 759 3519 periculumimmoderate
774 3447 871 3519 petat3
885 3441 927 3500 sic
937 3440 1022 3517 juxta

78 3656 100 3704 l.
119 3652 172 3702 luti.
184 3653 207 3711 6,
218 3662 245 3699 n⁰
257 3651 311 3700 9⁰29.

75 3727 99 3779 2.
118 3724 225 3782 Saetller,
238 3723 307 3781 illd,
320 3738 343 3789 p.
357 3721 411 3769 133.
