2378 4102
8 180 10 189 y
330 116 424 166 mem
445 103 677 173 eteuem'mouu.
794 121 796 127 ·
934 92 995 163 '239

8 230 203 617 ἕρπω
233 232 302 301 oute
322 234 513 305 suvuguuas
534 236 696 291 naturaliter
717 241 836 305 sumpta,
849 236 892 288 re.
919 233 996 303 Quo-

46 312 101 367 odo
115 313 263 367 emittetur
278 313 305 367 iu
320 313 456 380 maribus,
466 316 509 370 tt.
525 315 595 384 Quid
614 315 647 369 sit
659 313 778 384 sigillum
794 313 960 382 virginitatis
969 313 997 367 iu

31 396 36 405 “
72 392 137 455 inis,
150 392 281 463 tavirgo
294 392 454 466 incorrupte
465 394 611 466 aliquando
623 388 816 464 coneipit,'sed
828 408 876 464 per
889 400 996 464 partum

66 471 171 525 truitur
186 471 305 541 sigilium
316 472 493 542 uirginitatis,
507 476 549 528 te.
570 473 641 542 Quid
655 474 691 527 sit
703 473 845 543 virginitas
857 472 999 528 moraliter

50 556 138 621 mpta.
156 552 199 604 ii.
216 551 267 605 Per
278 551 406 606 accidens
427 568 456 607 so
469 552 552 609 habet
564 554 708 625 integritas
728 552 820 606 earnis
838 550 928 623 quoad
939 551 998 606 vir-

8 626 106 699 tutem
126 629 356 699 virginitatistd.
382 630 454 699 Quid
477 632 513 687 sit
538 633 679 689 materiale
703 638 731 686 et
754 631 867 686 formate
887 631 998 686 virtutis

8 708 204 779 virginitatit,
217 711 261 762 id.
283 710 429 765 Amittitur
447 711 536 766 uirtus
551 712 718 784 virginitatis
737 727 786 782 per
801 726 907 766 merum
930 725 998 766 eou-

8 803 133 865 sensum
151 787 180 841 iu
195 803 252 843 rem
269 805 419 857 veneream,
433 792 475 846 tt.
490 795 531 845 An
545 799 573 846 et
583 799 719 863 quatenus
733 790 821 847 virtus
831 789 999 860 virginitatis

8 868 107 941 possit
126 868 292 938 recuperari,
305 871 348 935 te,
360 871 402 924 te.
418 873 460 925 An
475 871 562 942 possit
578 871 733 943 recuperari
750 872 773 925 si
797 871 879 925 fuerit
894 870 997 924 emissa

8 964 66 1020 per
81 952 163 1001 aetus
174 947 334 1003 libidinosos
348 964 402 1002 nou
422 950 562 1005 accidente
576 950 733 1022 pollutione,
748 952 791 1006 20.
816 949 999 1021 Excipiuutur

10 1026 187 1098 impuberes
205 1027 326 1083 Femineo
348 1028 430 1082 eitius
442 1044 523 1099 quam
538 1045 626 1097 maros
641 1028 771 1083 amittunt
784 1026 998 1098 irreparabiliter

10 1106 153 1160 uirtutem
175 1104 353 1176 uirginum-ie,
369 1110 412 1162 20.
435 1110 477 1162 dn
499 1115 527 1163 et
547 1117 682 1179 quatenus
705 1122 822 1180 persona
845 1106 946 1160 violata
969 1106 998 1159 in

11 1200 128 1247 somno,
146 1184 289 1252 ebrietate,
305 1188 433 1255 amentia,
448 1188 556 1243 amittat
568 1187 764 1258 virginitatem,
781 1188 825 1253 ut,
842 1188 884 1239 tt.
901 1185 997 1254 Quan-

10 1263 121 1319 donam
141 1263 219 1335 virgo
240 1266 327 1337 possit
344 1265 453 1321 admitti
474 1266 508 1321 ad
527 1267 618 1321 velum
633 1265 857 1331 consecrationis,
875 1266 917 1320 22.
935 1265 999 1319 Vir-

12 1344 124 1412 ginitas
149 1360 199 1414 pro
221 1346 277 1400 Deo
297 1353 425 1418 suscepta
448 1346 606 1401 meliorest
632 1352 704 1400 statu
725 1343 872 1415 conjugali,
897 1347 938 1399 23.
966 1344 994 1398 V.

12 1427 159 1494 stuprum.
365 1443 369 1449 ·

56 1508 147 1592 Virpo.
166 1520 197 1576 V,
221 1478 409 1594 Virpiuiiotem.

58 1615 116 1671 Vis.
134 1618 166 1671 V.
177 1621 311 1691 stuprum.

497 1815 527 1864 Χ

53 1953 260 2012 Xenodochium.
280 1957 321 2009 An
345 1960 473 2026 parentes
496 1954 529 2008 ad
548 1950 650 2024 aiiquid
667 1958 812 2006 teneantur
830 1966 894 2021 erga
912 1963 999 2005 xeno·

14 2037 164 2102 dochium,
180 2050 309 2106 casuque
321 2035 412 2106 proles
427 2033 480 2088 fuit
494 2033 626 2109 exposita,
642 2033 686 2085 te.

262 2629 309 2674 mu
329 2631 367 2674 uu
385 2628 421 2672 ut
438 2627 526 2671 ruera
544 2610 769 2674 turnuudrroue.

230 3634 347 3675 aetneis.
363 3648 392 3658 -·
408 3630 573 3671 atrocitatum
588 3634 620 3673 DE
635 3637 710 3676 audet
725 3632 807 3676 OUDIN·
