2384 4138
171 68 211 134 22
491 88 529 132 nn
550 86 643 133 annus
662 85 818 134 ronanus.

176 230 191 264 n
209 213 260 268 aut
274 225 345 268 cunr
358 209 394 281 iis
407 207 499 269 ullam
515 206 767 268 consuetudinem
780 205 892 269 habere
905 208 1037 270 audeant
1048 231 1056 284 ;
1074 210 1158 273 alio-

176 317 192 351 «
212 295 285 374 quin
302 296 400 377 poenis
420 303 429 334 ¹
446 317 463 357 a
478 295 569 356 sacris
585 294 754 354 canonibus
768 295 812 354 vel
824 298 943 356 statutis
953 298 1159 362 ecclesiarum

176 405 192 439 n
212 383 359 462 impositis
382 385 556 463 puniantur.
573 380 659 452 Qusrd
674 381 697 441 si
716 401 732 442 a
755 383 959 462 suptrioribus
973 387 1102 461 moniti,
1122 388 1161 449 ab

176 494 192 530 «
212 471 255 532 eis
268 489 301 533 so
313 491 373 533 non
389 471 599 541 abstinuerint,
619 470 704 530 tertia
720 478 803 550 parte
816 471 986 545 fructuum,
1003 475 1162 537 obventio·

177 581 192 615 n
215 577 288 619 num
302 578 338 621 ac
352 568 551 640 proventuum
568 560 638 638 (non
657 577 721 617 uero
743 557 987 621 distributionum
1000 564 1160 642 quotidia-

178 670 194 704 «
213 667 330 719 narum,
344 649 403 709 utd
414 647 447 710 S.
461 646 568 728 Conpr.
585 647 647 726 fuit
658 645 784 706 decisum
796 647 879 727 opud
889 648 1072 711 Sutnrontic.
1085 673 1110 713 r.
1127 659 1159 728 2,

179 759 194 792 a
214 737 245 794 n⁰
263 736 314 816 66)
330 736 549 797 beneficiorum
564 751 689 796 suornm
707 752 973 815 quorumcumque
987 745 1015 798 et
1031 740 1161 817 pensio-

179 848 194 883 «
216 843 289 886 num
304 828 370 905 ipso
385 824 462 887 lacto
476 824 536 884 sint
562 824 687 902 privati3
705 841 773 902 quae
792 822 913 885 fabricae
934 826 1077 888 Ecclesiae
1105 839 1160 892 aut

179 935 195 970 u
215 914 298 974 alteri
313 914 362 993 pio
375 912 452 983 loco,
467 912 589 972 arluitrio
603 911 753 990 Episcopi,
769 912 948 990 applicetur.
964 915 1017 974 Sin
1032 933 1108 976 vero
1125 919 1157 979 in

153 1057 156 1062 .
179 1024 194 1059 n
214 1001 323 1062 delicto
335 1001 441 1062 eodem
460 1017 531 1060 cum
541 999 646 1059 eadem
657 998 702 1059 vel
718 998 775 1058 alia
785 998 898 1060 femina
914 1013 1156 1078 perseverantes,

179 1112 195 1145 (ι
215 1089 355 1151 secunde
375 1089 533 1152 monitioni
558 1087 657 1147 adhuc
678 1088 927 1167 cooperuerint,
952 1109 1013 1150 non
1033 1098 1156 1155 tautum

180 1200 194 1233 o
216 1177 329 1239 fructus
353 1195 460 1237 carnes
483 1194 518 1236 ac
541 1182 703 1255 proventus
728 1193 853 1236 suorum
878 1176 1099 1240 beneficiorum
1127 1190 1158 1244 et

180 1288 194 1321 n
216 1266 377 1344 pensiones
386 1283 424 1324 eo
438 1263 662 1343 ipsoamittant,
677 1263 728 1342 qui
745 1263 896 1343 praedictis
910 1264 983 1324 locis
998 1267 1157 1345 applicen-

180 1376 195 1410 ι(
215 1359 279 1425 tur,
304 1352 460 1413 sedetiam
483 1370 500 1411 u
524 1350 740 1412 beneficiorum
757 1351 1027 1429 administratione,
1052 1359 1155 1436 quoad

181 1464 196 1498 ι(
217 1440 429 1501 Ordinarius...
447 1438 654 1513 arbitrabitur,
671 1439 910 1519 suspendantur3
926 1452 957 1501 et
976 1444 999 1501 si
1023 1443 1062 1503 ita
1090 1464 1156 1507 sus·

181 1552 196 1587 n
216 1532 313 1609 pensi,
331 1527 530 1588 nihilominus
542 1545 597 1587 eas>
608 1546 667 1586 non
679 1527 842 1605 expellant,
858 1534 910 1589 aut
925 1547 996 1590 cunr
1010 1530 1046 1591 iis
1060 1534 1154 1595 etiam

181 1639 196 1674 n
216 1624 384 1682 versentur,
402 1615 651 1687 tuncbenetlciis,
670 1614 870 1693 portionibus,
879 1635 914 1677 ac
923 1616 1028 1678 officiis
1041 1631 1072 1680 et
1082 1641 1155 1701 peu-

181 1728 197 1762 u
217 1702 1154 1788 sionibusquibuscumqueecclesiasticisperpetuopriventur,

182 1816 197 1851 n
218 1802 307 1874 atque
331 1791 477 1853 inhabiles
500 1810 535 1852 ac
560 1790 675 1870 indigni
700 1790 949 1872 quibuscumque
968 1794 1153 1871 honoribus,

182 1905 197 1939 n
217 1881 422 1960 dignitatibus,
432 1879 590 1940 beneficiis
606 1877 756 1939 acnfficiis
770 1879 962 1958 inposterum
976 1883 1153 1959 reddantur,

182 1992 197 2028 a
217 1969 315 2030 donec
338 1975 405 2048 post
427 1966 616 2028 manifestam
639 1967 707 2027 vitae
722 1966 1002 2030 emendationem...
1025 1976 1155 2035 cumeis

181 2080 197 2114 n
217 2075 357 2117 excausa
373 2057 472 2117 risum
494 2053 843 2134 lueritdispensandum.
861 2055 920 2115 Sed
935 2057 972 2128 si,
991 2066 1153 2138 postquam

182 2168 197 2202 «
218 2163 268 2206 eas
282 2146 373 2205 semet
387 2142 782 2214 dimiserint,intermissum
802 2144 990 2204 consortium
1004 2155 1151 2226 rapotone,

183 2255 198 2289 n
218 2241 269 2293 aut
287 2230 359 2292 alias
370 2230 545 2310 hujusmodi
561 2230 752 2290 scandalosus
767 2230 971 2313 mutieressibi
986 2233 1154 2314 adjungere

182 2343 197 2378 a
218 2322 282 2382 ausi
305 2321 438 2394 tuerint,
462 2326 569 2399 praeter
589 2319 745 2398 praedictas
770 2337 884 2397 poenas,
903 2327 1152 2388 excommunica-

182 2430 198 2466 «
218 2410 310 2469 tionis
337 2408 437 2487 gladio
465 2409 643 2487 plectantur.
677 2408 740 2467 Nec
767 2409 881 2486 quaeris
909 2410 1071 2488 appellatio
1104 2423 1153 2477 aut

183 2519 198 2554 n
218 2499 370 2577 exemptio
384 2496 559 2576 praedictam
573 2495 785 2556 executionem
801 2496 947 2574 impediat
959 2504 1012 2558 aut
1025 2517 1152 2580 suspen-

183 2607 198 2642 «
218 2585 305 2646 dat...
329 2583 498 2665 (Episcopi)
521 2584 586 2644 sine
603 2583 728 2663 strepitu
744 2589 773 2644 et
788 2582 887 2662 figura
897 2585 1021 2661 judicii,
1038 2596 1070 2648 rt
1088 2591 1153 2653 sola

177 2696 199 2729 v«
220 2672 287 2734 lacti
309 2674 430 2733 veritato
447 2677 596 2751 inspecte,
619 2670 782 2748 procedere
804 2681 940 2751 possunt.
958 2675 1062 2736 Clerici
1083 2694 1153 2739 vero

184 2784 199 2819 n
221 2760 367 2822 beneficia
380 2761 640 2822 ecclesiastioaant
654 2759 815 2838 pensiones
826 2779 887 2820 non
902 2761 1056 2837 habentes,
1067 2766 1153 2843 juxta

184 2873 199 2908 n
219 2851 319 2911 delicti
334 2858 361 2909 et
376 2850 574 2911 contumaciae
590 2849 843 2928 perseverantiam
863 2858 892 2910 et
912 2851 1098 2930 qualitatem,
1116 2856 1154 2917 ab

184 2961 199 2996 n
220 2939 286 3018 ipso
311 2939 461 3017 Episcopo
482 2937 609 2999 carceris
626 2954 732 3015 piena,
749 2938 947 3016 suspensione
970 2939 1009 2999 ab
1028 2941 1151 3017 ordine,

184 3050 199 3085 «
220 3046 256 3088 ac
268 3025 453 3087 inhabilitate
461 3025 497 3085 ad
506 3023 649 3084 benetlcia
659 3024 832 3097 obtinenda,
841 3026 943 3089 aliisve
955 3027 1153 3108 modisjuxta

184 3138 199 3173 n
221 3134 322 3178 sacros
340 3132 485 3187 canones,
498 3113 674 3193 puniantur.
692 3134 707 3169 »
727 3112 842 3174 Deinde
856 3113 1025 3176 Concilium
1043 3117 1154 3182 indicat

180 3203 334 3282 quomodo
360 3202 437 3263 foret
458 3200 684 3280 procedendum
709 3207 814 3261 contra
834 3203 915 3282 ipsos
936 3204 1100 3284 Episcopus
1116 3210 1151 3284 si,

180 3292 261 3370 quod
278 3291 365 3360 absit,
382 3292 412 3350 in
428 3289 586 3370 praelatum
602 3289 718 3350 crimen
734 3289 921 3351 incidissent.

213 3455 236 3505 l.
255 3455 302 3505 Pro
314 3454 447 3505 efficaciter
456 3456 611 3521 procuranda
623 3454 671 3505 har
683 3455 819 3521 privatione
833 3463 945 3520 respectu
959 3473 1008 3508 nun
1022 3460 1152 3529 obtempe-

183 3526 299 3585 rantium,
313 3539 449 3576 concursus
461 3525 577 3590 gubernii
593 3527 658 3591 apud
676 3541 722 3576 nos
735 3526 760 3575 in
773 3526 849 3576 Gallia
863 3529 1017 3581 necessarius
1030 3541 1095 3583 esset
1107 3552 1115 3591 ⁴:
1129 3542 1151 3585 at

184 3610 249 3660 nepe
257 3594 358 3646 nonnisi
367 3594 511 3647 difficillime
524 3596 679 3648 obtineretur
690 3595 834 3663 hujusmodi
848 3603 994 3651 concursus.
1115 3610 1119 3615 ·
