2384 4138
482 193 573 239 esrur
592 197 625 241 u.
998 183 1035 241 13

61 326 129 371 rum
153 308 311 385 mulieris,
333 315 385 372 aut
406 326 442 370 ex
466 309 586 372 curiosa
608 311 736 374 lectione
762 310 917 373 venialiter
944 310 1036 391 turpi.

61 397 147 460 Ratio
174 399 250 480 quia
276 397 452 460 hominibus
485 404 531 460 est
558 400 643 479 quasi
673 400 829 462 moraliter
854 399 1039 481 impossibile

62 504 169 550 omnes
183 487 240 549 has
252 505 360 549 causas
378 486 583 550 comuruniter
596 488 718 551 evitare.

99 574 184 638 idern
198 575 239 638 de
251 575 420 658 pollutione
444 575 646 637 involuntaria
672 582 738 638 orta
753 594 790 637 ex
816 575 943 638 lectione
960 576 1040 656 turpi

62 663 192 733 laclaob
205 664 425 739 curiositatem,
445 664 512 725 sine
526 682 618 744 pravo
643 665 757 733 animo,
773 671 826 726 aut
849 663 985 744 periculo
1009 664 1041 724 in

62 752 98 814 iis
112 752 206 815 rebus
226 770 260 815 se
279 750 447 814 delectandi
469 750 577 813 dicunt
589 752 719 827 lessius,
737 752 902 830 Ronanus,
918 754 1041 833 Sporer,

62 847 133 916 eto,
147 840 203 903 sed
220 840 258 902 iis
271 840 304 903 in
326 840 410 920 praxi
435 857 497 901 non
511 840 677 920 acquiescit
688 842 718 902 S.
730 840 865 922 liguor,
877 840 1042 921 praesertim
1141 879 1144 884 «

62 929 85 988 si
102 929 143 990 ob
163 928 328 992 lectionem
342 936 474 1008 turpem,
490 928 583 990 solius
604 927 784 990 curiositatis
811 946 904 990 causa
921 928 1042 1004 tactam,

64 1015 241 1098 frequenter
268 1015 411 1079 acciderit
424 1016 551 1096 pollutio
558 1037 570 1092 3>
584 1021 614 1077 et
627 1016 808 1097 generaliter
829 1017 870 1077 ait
890 1034 960 1078 oum
976 1014 1045 1076 Sal-

66 1112 163 1167 mant.
178 1112 212 1169 et
225 1106 390 1185 Roncaglia
408 1126 424 1164 s
439 1122 499 1166 non
514 1105 651 1166 excusari
667 1122 685 1165 a
704 1105 903 1166 mortalieum
916 1104 969 1185 qui
982 1102 1044 1165 ire-

70 1214 85 1254 «
104 1201 256 1275 quentem
272 1193 472 1275 pollutionem
484 1198 626 1272 expertus
642 1193 682 1254 sit
693 1211 729 1254 ex
742 1193 892 1273 aliquibus
902 1193 1001 1254 causis
1015 1194 1046 1253 in

72 1303 87 1341 a
106 1283 219 1345 eodem
231 1300 341 1362 genere
353 1282 480 1344 luxuriae
493 1300 563 1362 quae
576 1280 785 1343 vehementius
798 1281 834 1342 ad
851 1279 1047 1361 pollutionem

72 1370 257 1449 «influunt,
271 1377 303 1433 et
325 1370 399 1432 alias
423 1369 591 1433 voluntarie
614 1388 649 1432 ac
668 1370 733 1431 sine
758 1369 935 1431 necessitate
949 1369 1046 1448 ponit,

73 1480 89 1518 a
108 1460 251 1541 quamvis
275 1460 340 1541 ipsa
363 1476 464 1541 perse
488 1476 551 1521 aon
580 1460 751 1540 pertingant
778 1460 815 1520 ad
838 1458 990 1530 mortalia,
1005 1457 1047 1518 uti

74 1555 184 1613 rsuut
208 1548 355 1611 nimirum
380 1547 500 1610 curiosa
524 1547 614 1609 lectio
641 1547 753 1630 turpis,
770 1553 910 1630 aspectus
923 1547 1049 1627 picturae

75 1659 90 1696 u
109 1637 267 1709 obscenae,
282 1636 328 1699 vel
343 1636 441 1698 coitus
463 1634 659 1709 animalium,
674 1641 771 1698 tactus
797 1636 989 1717 propriorum
1003 1651 1051 1695 ve

76 1746 92 1784 c
110 1726 294 1802 rendorum,
307 1732 360 1787 aut
374 1723 496 1786 alterius
511 1742 547 1786 ex
563 1723 691 1799 levitate,
710 1731 740 1786 et
764 1724 884 1786 similia.
900 1723 987 1785 Ratio
1005 1727 1052 1782 est

76 1835 92 1873 a
112 1815 187 1895 quia
209 1820 349 1893 respectu
371 1812 457 1874 istius
472 1829 623 1894 personae,
639 1811 680 1873 ob
706 1830 792 1874 suam
808 1830 930 1892 pravam
948 1811 1050 1890 dispo·

77 1923 94 1961 c
114 1902 269 1977 altionem,
284 1901 455 1964 taliscausa
473 1919 537 1962 non
556 1901 662 1962 leviter
682 1901 799 1977 influit3
818 1919 905 1964 secus
917 1917 989 1962 vero
1002 1897 1051 1960 di-

77 2011 94 2048 r
113 1990 229 2052 suntsi
243 1988 367 2071 pollutio
380 2007 418 2051 ex
430 1987 604 2067 hujusmodi
617 1989 716 2051 causis
727 2007 795 2050 raro
804 1989 931 2051 eveniat.
953 2010 969 2047 a

114 2082 166 2140 36.
191 2078 322 2140 infertur
335 2079 361 2139 ll
375 2077 536 2138 mortalem
549 2083 611 2138 non
621 2095 687 2139 esse
698 2077 898 2157 pollutionem
907 2082 1004 2139 ortam
1017 2094 1054 2137 ax

75 2165 222 2229 ebrietate
244 2172 295 2228 aut
320 2183 356 2228 ex
370 2165 556 2229 comestione
569 2165 670 2226 carnis
685 2165 775 2227 nimis
787 2163 984 2227 immoderata
1004 2169 1056 2226 aut

76 2254 175 2316 indie
197 2253 303 2330 vetito;
332 2259 458 2316 ettanto
472 2253 569 2333 magis
582 2253 607 2315 si
630 2259 753 2315 causata
766 2253 857 2324 fuerit
878 2271 915 2315 ex
938 2251 1056 2315 actione

76 2342 235 2406 venialiter
249 2342 342 2418 mala,
357 2340 410 2404 sed
426 2360 487 2402 non
501 2341 531 2402 in
546 2359 657 2422 genere
671 2341 808 2419 luxuria,
819 2341 874 2403 etsi
887 2340 952 2402 baec
965 2359 1057 2402 causa

78 2431 187 2511 posita⁴
201 2429 290 2494 luerit
310 2430 424 2511 absque
444 2430 613 2491 rationabili
630 2430 741 2491 motivo
762 2429 838 2509 :sed
855 2438 928 2490 tunc
946 2428 1058 2510 proba-

79 2518 172 2582 bilius
199 2517 283 2582 adest
305 2524 463 2599 peccatum
488 2518 626 2580 veniale:
642 2519 713 2601 quia
727 2536 847 2599 semper
871 2524 916 2580 est
943 2517 1058 2598 aliquid

79 2607 227 2669 indecens
242 2614 274 2668 ct
296 2606 510 2668 deordinalum
524 2606 589 2667 sine
601 2624 693 2668 causa
707 2606 873 2668 rationabili
886 2605 1059 2686 permittere

79 2694 292 2776 pollutionem.
323 2695 368 2755 Ab
392 2695 449 2757 hoc
473 2712 544 2756 vero
567 2694 676 2756 veniali
702 2703 824 2757 excusat
838 2696 951 2776 quanvis
969 2713 1060 2756 causa

81 2783 270 2846 rationabilis
294 2784 490 2860 necessitatis,
519 2782 652 2845 utilitatis
677 2790 729 2845 aut
751 2784 980 2857 convenientiae,
1004 2778 1060 2844 etsi

81 2872 156 2934 alias
169 2889 261 2934 causa
272 2870 377 2933 suisset
392 2871 495 2933 leviter
511 2870 611 2933 illicita
621 2871 767 2933 incudem
782 2873 906 2933 materia
922 2872 1057 2934 luxuriae.

80 2961 126 3025 lta
138 2959 344 3022 communiter
353 2960 438 3039 iuxta
453 2961 484 3021 S.
501 2959 622 3040 Liguor.
636 2958 705 3041 (ib.)

123 3050 207 3130 Ergo
225 3049 402 3128 contingere
414 3053 511 3129 potest
525 3047 607 3129 quod
620 3048 696 3110 adsit
709 3050 842 3111 maurice
858 3049 961 3112 levitas
984 3048 1015 3110 in
1029 3067 1062 3110 re

83 3154 214 3200 venerea
241 3132 388 3198 indirecte
423 3143 541 3199 tantum
566 3136 674 3212 volita3
702 3136 765 3199 imo
791 3137 874 3218 quod
898 3136 1063 3218 aliquando

85 3225 165 3287 absit
178 3230 251 3287 tuno
266 3243 358 3286 omnc
372 3231 529 3306 peccatum
544 3244 552 3285 :
571 3230 601 3287 et
614 3226 696 3306 quod
710 3225 819 3288 dicitur
832 3225 870 3291 de
885 3224 1061 3307 pollutione,

85 3311 232 3376 alortiori
243 3318 289 3374 est
301 3311 514 3375 affirmandum
526 3312 564 3375 dc
584 3312 713 3393 simplici
727 3312 925 3375 delectatione
938 3330 1064 3376 venerea

86 3399 169 3464 etde
182 3399 351 3462 inhonestis
366 3401 508 3472 motibus,
524 3400 637 3480 quibus
657 3419 717 3462 non
734 3400 822 3462 datur
831 3418 982 3462 assensus.

130 3493 180 3551 37.
203 3485 371 3561 Quaerit.'2⁰
385 3491 432 3549 An
446 3487 512 3550 dari
525 3489 619 3569 possit
631 3489 763 3551 materiae
777 3490 880 3551 levitas
890 3490 921 3550 in
933 3488 1065 3550 delecta·

88 3575 173 3640 tione
185 3576 319 3640 sensibili
335 3595 389 3640 seu
403 3576 545 3658 organica
559 3576 688 3656 captain
704 3577 741 3639 iis
755 3596 824 3658 quae
835 3576 1064 3639 delectationem

88 3682 250 3731 veneream
263 3682 427 3748 provocare
441 3670 568 3746 possunt
581 3664 597 3724 l
609 3664 721 3745 (Supra
734 3666 767 3726 n⁰
779 3669 826 3744 5.)
