2362 4094
118 126 122 134 '
168 129 207 185 m
495 139 532 182 nu
550 117 815 184 aninsvnunams.

213 280 229 316 «
250 260 300 317 tu
315 254 401 327 Quod
415 255 447 317 in
462 254 544 317 hisce
564 253 665 317 causis
676 254 724 316 'ael
746 271 783 315 ex
796 252 1012 316 commissione
1028 247 1162 333 aposto-

173 368 189 405 «
205 345 328 418 lica,vel
338 341 1160 425 exjureEpiscoporumpropriotractandis‚majorem

171 457 189 494 «
207 435 239 496 in
252 432 377 495 modum
390 434 489 495 curari
503 439 532 493 et
546 431 700 493 observari
714 430 814 504 debet,
826 430 902 491 illud
911 437 968 504 est,
981 436 1015 493 ut
1028 430 1159 492 eaedem

169 545 189 582 «
208 540 318 596 causae,
343 526 447 603 utpote
468 520 506 582 ad
527 519 620 580 tidem
634 520 808 589 attinentes,
827 518 1029 580 secretissime
1061 537 1160 597 pera-

172 634 188 670 «
209 619 330 693 gantur,
344 618 373 671 et
386 616 547 690 postquam
570 608 684 669 fuerint
702 606 836 668 delinitae
846 613 876 668 et
898 607 1076 669 executioni
1089 609 1159 686 iam

173 723 188 758 «
209 699 341 773 traditae,
367 704 513 778 perpetuo
534 696 653 758 silentio
672 696 804 757 omnino
821 702 1009 774 premantur.
1031 698 1160 758 Omnes

173 811 188 847 «
208 788 300 849 curiae
310 785 518 848 ecclesiasticae
531 784 712 852 administri,
725 789 756 844 et
769 783 957 864 quicumque
965 783 1029 858 alii,
1043 785 1086 845 ad
1100 785 1158 846 has

172 900 188 935 «
208 874 432 958 pertractandas
455 874 501 935 vel
521 874 639 953 patroni
654 873 693 933 ad
709 870 914 934 defendendas
931 890 1041 934 causas
1057 891 1156 935 assu-

172 986 187 1024 «
208 971 340 1037 mentur,
355 961 566 1041 jusjurandum
582 961 620 1022 de
634 966 750 1023 secreto
765 961 912 1022 servando
928 960 1042 1023 debent
1053 963 1156 1023 emit-

171 1075 188 1112 «
207 1060 282 1126 tere,
301 1059 329 1114 et
345 1051 401 1132 ipsi
415 1050 557 1131 Episcopi
572 1049 683 1128 aliique
697 1048 833 1111 locorum
853 1048 1004 1110 Ordinarii
1018 1050 1060 1110 ad
1083 1069 1156 1113 scr-

171 1164 187 1200 «
207 1141 340 1204 vandum
355 1143 507 1202 secretum
526 1137 768 1217 adstringuntur,
782 1142 872 1216 prout
891 1137 923 1197 in
937 1137 1006 1217 iure
1019 1145 1154 1201 cautum

171 1254 186 1290 «
207 1238 250 1293 est
265 1249 332 1310 cap.
350 1228 484 1301 Statum,
498 1226 552 1287 fin.
568 1227 613 1287 De
634 1225 788 1299 hereticis,
804 1224 837 1286 in
855 1229 898 1297 6⁰,
914 1226 987 1287 etin
1002 1227 1154 1290 Clemen-

171 1342 186 1378 «
207 1319 270 1379 tina
284 1318 460 1387 Multorum,
485 1315 504 1395 ᾗ
523 1314 630 1386 Porro,
645 1314 853 1375 deomena«.
869 1314 926 1387 Qui
941 1333 1015 1376 vern
1026 1315 1153 1378 denun-

170 1430 186 1465 «
206 1406 338 1468 tintinnis
351 1405 436 1466 oneri
459 1403 664 1477 satisfaciunt,
680 1402 795 1483 quique
809 1402 842 1463 in
861 1401 944 1464 hisce
957 1404 1061 1465 causis
1074 1423 1152 1467 exa-

170 1519 185 1554 «
207 1495 282 1555 mini
310 1493 523 1571 subjiciuntur,
547 1493 754 1570 J'uramentnm
782 1491 821 1551 ab
845 1491 932 1552 initio
954 1492 994 1552 de
1020 1494 1152 1556 veritate

170 1607 185 1642 «
206 1582 345 1655 dicenda,
369 1587 409 1651 et,
432 1586 502 1643 actu
523 1580 653 1659 expleto,
674 1579 713 1640 de
737 1583 853 1640 secreto
879 1580 1039 1655 servando,
1059 1584 1151 1643 tactis

167 1694 185 1730 (ι
206 1669 403 1733 sacrosanctis
429 1670 483 1731 Dei
511 1668 701 1747 Evangelia,
730 1662 847 1729 etiamsi
875 1667 936 1729 sint
954 1669 1147 1744 sacerdotes,

169 1783 184 1818 «
207 1766 349 1840 praestare
366 1764 519 1820 tenentur.
537 1757 610 1818 Haec
623 1756 648 1816 si
665 1762 770 1829 caute,
786 1761 950 1835 sancteque
968 1764 1147 1834 teneantur,

168 1870 184 1907 «
205 1847 325 1909 nullum
337 1844 657 1925 invidiaeinfamiaeque
669 1844 714 1905 vel
728 1843 810 1905 aliud
825 1843 953 1924 quodvis
968 1845 1147 1925 periculum

169 1936 303 2018 «timeri
327 1940 441 2016 potest,
462 1932 545 2013 quod
563 1933 610 1994 vel
628 1937 717 1994 testes
738 1949 755 1992 a
777 1931 905 2007 dicenda
927 1932 1069 2009 veritate,
1091 1935 1147 1996 ‘vel
1179 2002 1180 2011 χ

168 2047 183 2084 «
203 2029 409 2105 competentes
418 2022 535 2102 judices
548 2021 587 2083 ab
601 2020 810 2100 investigando
824 2028 854 2083 et
867 2020 1029 2102 condignis
1042 2025 1148 2103 poenis

169 2136 184 2172 «
204 2111 471 2175 animadvertendo
487 2109 705 2171 sollicitationis
718 2109 848 2170 crimine
860 2109 1027 2171 contineat.

208 2224 223 2261 «
247 2202 295 2263 l5⁰
314 2199 471 2262 indultum
483 2197 537 2260 fuit
551 2216 568 2258 a
582 2198 636 2259 Pio
649 2197 687 2259 lV
699 2197 730 2258 in
743 2197 952 2271 instructione,
968 2196 1006 2259 de
1017 2217 1079 2279 qua
1095 2218 1147 2261 an-

168 2314 184 2350 «
204 2296 253 2351 tea
265 2288 381 2350 dictum
395 2292 441 2348 est
452 2304 534 2347 anno
548 2289 637 2356 ritus,
651 2285 689 2346 ad
706 2285 851 2347 vicarium
863 2286 1065 2366 apostolicum
1083 2287 1145 2349 Go-

171 2401 187 2438 «
207 2376 427 2450 circinandam,
442 2381 476 2435 ut
486 2392 556 2436 cum
567 2373 779 2435 difficillimum
790 2372 827 2434 sit
840 2372 871 2433 in
882 2373 942 2434 illis
952 2379 1017 2435 tarn
1027 2374 1144 2438 dissitis

172 2489 188 2526 n
206 2484 241 2528 ac
254 2463 412 2545 disparatis
434 2462 609 2543 regionibus
626 2480 662 2523 ea
676 2460 780 2522 omnia
799 2460 984 2522 adamussim
1006 2481 1142 2540 servare,

169 2578 184 2615 n
204 2573 273 2637 quae
283 2551 406 2615 inhisce
415 2552 514 2613 causis
524 2549 760 2623 servandasunt3
775 2550 923 2622 etcum,si
934 2550 1036 2631 aliqua
1048 2553 1143 2614 exhis

168 2643 392 2717 «omittantur,
415 2639 529 2718 justitia
549 2657 612 2700 non
636 2638 767 2719 patiatur
786 2644 818 2698 ut
840 2655 938 2717 poenaa
961 2638 1143 2720 infligantur

169 2753 185 2790 n
205 2730 347 2792 adversus
362 2746 431 2790 reos
443 2727 481 2789 dc
493 2744 625 2806 quorum
639 2724 768 2787 crimine
785 2724 943 2803 judiciaria
952 2730 1075 2799 „ratione
1090 2728 1141 2790 ad-

169 2843 184 2879 «
204 2813 1141 2895 hucsufficienternonconslat,tuncconsultiuslortasseosset

169 2932 184 2967 «
204 2910 228 2971 si
253 2916 336 2970 extra
355 2903 459 2983 judicii
483 2903 623 2965 ordinem
647 2900 828 2981 procedatur
852 2902 1139 2967 art-occurrendum

169 3021 184 3057 «
204 3003 289 3059 tanto
304 2996 384 3056 malo
400 2992 508 3054 mediis
522 2997 552 3053 et
566 2990 664 3052 modis
676 2990 772 3068 magis
786 2988 924 3051 facilibus
937 2996 966 3050 et
980 2992 1138 3071 expeditis,
1178 3042 1179 3051 ,

169 3110 184 3145 «
203 3104 280 3167 quos
294 3085 324 3145 in
340 3082 459 3145 casibus
475 3078 703 3160 particularibus
717 3078 818 3138 vicarii
835 3078 988 3157 apostolici
1000 3079 1138 3159 pruden-
1177 3074 1179 3147 l

169 3198 184 3234 «
206 3175 327 3236 tiaeum
347 3170 518 3231 animarum
536 3168 599 3229 zelo
619 3167 782 3246 conjuncta
804 3174 954 3246 suggeret.
977 3168 1046 3228 tarn
1068 3187 1139 3231 roro

169 3287 184 3323 «
205 3264 335 3344 quisque
349 3258 428 3320 videt
441 3256 522 3318 hanc
545 3253 841 3334 indulgentiam,pro
856 3252 1014 3316 locisadeo
1025 3254 1139 3318 dissitis
1178 3286 1179 3339 p

168 3375 183 3410 «
204 3370 239 3414 ao
251 3338 409 3430 disparatis
420 3344 542 3416 factam,
566 3361 665 3423 noque
679 3341 823 3403 omnibus
848 3359 914 3403 esse
928 3360 1135 3420 communem,
1178 3346 1179 3353 ’

168 3462 184 3498 «
206 3457 304 3519 neque
325 3436 440 3514 alasque
465 3432 644 3513 Apostottcae
663 3429 749 3491 Sedis
763 3431 939 3493 auctoritate
959 3431 1029 3510 jure
1052 3452 1137 3515 posse

164 3550 183 3586 «
203 3527 304 3590 ubivis
315 3522 428 3585 induci.
859 3526 862 3531 ’

206 3636 222 3681 «
244 3617 294 3676 l6⁰
304 3609 488 3672 Caemrurnsi
503 3607 643 3670 locorum
655 3606 804 3669 Ordinarii
816 3606 848 3668 in
859 3606 1057 3672 conficiendis
1071 3629 1137 3692 pro·
