2378 4102
333 202 677 267 auem-mamanibus.
932 203 997 262 aas

4 354 77 393 nam
93 339 258 395 radbibenda
277 340 333 395 sint
350 339 471 396 remedia
488 339 522 394 ad
541 337 678 395 sanandos
700 347 815 411 peccato
838 339 999 412 pollutionis

7 425 155 483 assuetos,
178 419 238 473 lii.
263 419 338 475 Utile
355 427 399 475 est
420 419 511 490 legere
533 417 684 474 horrendos
708 419 821 474 effeetus
843 418 998 474 masturba-

9 498 112 564 tionis,
127 499 188 551 475.

43 593 215 667 Praeyuotiu.
230 597 273 650 An
288 570 369 651 liceat
379 570 456 651 coire
469 604 591 668 tempore
606 594 812 667 praegnationis,
828 594 889 650 279.

45 697 147 752 Preces
161 697 361 770 praemittendae
377 705 524 770 antequam
541 697 665 767 legantur
679 696 845 770 quaestiones
866 695 900 750 de
917 695 999 751 rebus

5 778 155 842 venereis
173 781 199 833 t.

41 871 153 928 Proles.
174 873 215 928 Ad
235 873 300 945 quid
324 880 448 930 teneatur
468 873 617 928 fornicator
640 889 704 944 erga
730 873 844 945 prolem,
856 874 901 927 78.
927 873 997 927 Casu

4 970 64 1024 quo
83 954 180 1026 proles
193 953 246 1007 fuit
259 954 383 1024 exposita
397 953 431 1007 ad
445 953 510 1024 quid
527 960 672 1007 teneantur
683 960 811 1024 parentes
827 967 893 1021 erga
912 966 1000 1006 xeno-

3 1032 157 1100 dochium,
171 1035 216 1087 79.
231 1033 259 1087 Si
273 1033 363 1104 proles
377 1040 438 1087 orta
452 1032 533 1086 luerit
548 1049 579 1086 ex
594 1032 739 1096 adulterio,
752 1031 786 1086 ad
797 1031 863 1102 quid
873 1038 998 1086 teneatur

3 1112 144 1180 adulter,
165 1113 281 1166 95-l00.
304 1112 397 1167 Proles
415 1110 538 1166 adultera
558 1113 702 1166 restituere
720 1110 801 1166 debet
822 1109 999 1166 baereditates

6 1191 64 1261 ipsi
79 1191 263 1245 obvenientes
272 1197 522 1263 proptererrorem,
535 1190 640 1246 etiamsi
651 1205 698 1245 eas
707 1189 778 1244 bona
789 1187 841 1243 fide
849 1187 996 1260 acceperit,

8 1274 56 1323 98.
71 1273 120 1324 An
135 1268 305 1324 adulterinus
317 1269 428 1325 credere
440 1269 539 1324 debeat
552 1269 633 1324 matri
645 1269 735 1340 ipsum
746 1283 806 1323 esse
815 1266 998 1322 adulterinum

9 1350 170 1414 affirmans,
186 1351 247 1402 lot.

49 1446 207 1502 Promisere.
226 1445 267 1500 Ad
287 1445 352 1517 quid
372 1452 496 1501 teneatur
511 1452 654 1516 stuprator
667 1443 715 1515 qui
736 1444 863 1514 copulam
883 1439 998 1496 extorsit

8 1543 62 1597 per
79 1525 250 1581 matrimonii
266 1525 485 1597 promissionem,
501 1527 545 1593 69,
561 1527 605 1579 79.

46 1625 225 1681 Provocemus
236 1623 270 1678 ad
285 1624 435 1689 libidinem.
452 1625 481 1679 V.
499 1622 595 1678 Pane.

53 1722 194 1780 Pudenda.
216 1721 302 1790 Quale
319 1723 355 1777 sit
370 1728 512 1793 peccatum
529 1723 653 1794 aspicere
681 1719 799 1777 verenda
825 1718 936 1792 propria
950 1718 994 1775 vel

9 1805 175 1870 brutorum,
192 1803 253 1857 aot.

49 1899 203 1957 Pudicitia.
216 1898 287 1968 Quid
299 1899 345 1967 sit,
359 1906 387 1954 et
403 1914 438 1954 an
454 1914 470 1954 a
489 1899 615 1954 castitate
629 1877 785 1970 discrepet,
806 1902 832 1952 9.
852 1898 883 1952 V.
903 1895 994 1951 Poeno.

51 1994 160 2051 Puella
178 1997 209 2051 V.
222 1995 328 2051 Mulier

50 2092 193 2165 Purgatio.
209 2093 295 2161 Quale
309 2093 345 2148 sit
355 2099 501 2164 rpeocatum
517 2093 592 2148 oeire
605 2092 774 2164 purgationis
784 2097 919 2163 ‘tempera
930 2093 994 2146 283.

50 2470 269 2543 Quadrantem.
295 2472 336 2524 An
366 2477 489 2542 tempore
513 2470 735 2541 Quadragesimae
759 2470 795 2524 sit
815 2469 931 2524 vetitum
956 2468 996 2523 uti

11 2550 207 2614 matrimonio,
225 2550 287 2603 ast.

51 2854 164 2926 Raptus.
181 2851 253 2920 Quid
268 2853 305 2907 sit
316 2859 452 2924 quatenus
465 2859 507 2908 est
522 2861 666 2925 peccatum
681 2853 805 2922 luxuriae,
819 2855 864 2908 87.
878 2853 906 2909 Si
919 2861 997 2926 rapta

11 2933 183 3001 consentiat,
195 2931 384 2987 nescientibus
394 2932 564 3004 parentibus,
573 2949 631 2987 nen
642 2941 684 2989 est
694 2939 798 3006 raptus,
813 2932 858 2989 sed
869 2933 993 3001 luga,til.

15 3017 60 3069 An
67 3019 166 3085 raptor
180 3012 216 3066 sit
230 3012 273 3068 vir
291 3011 338 3082 qui
350 3027 466 3067 uxorem
475 3013 622 3083 cognoscit
635 3015 707 3069 intra
722 3013 841 3085 primum
854 3013 995 3081 bimestre,

15 3093 62 3150 vel
84 3093 109 3147 is
131 3091 179 3163 qm
203 3091 347 3162 copulatur
363 3090 476 3146 lemine
498 3090 660 3156 dormienti,
682 3101 735 3147 aut
752 3093 851 3165 puellm
876 3091 996 3146 nondum

10 3170 132 3228 babenti
149 3169 382 3238 usum‘ratienis,
396 3173 441 3225 82.
458 3169 596 3241 obligatio
611 3171 773 3227 restituendi
790 3178 887 3243 raptus
904 3184 995 3236 cansa,

17 3256 64 3307 83.
79 3253 173 3306 Pranae
190 3249 253 3304 latae
272 3249 287 3305 a
310 3248 471 3304 Tridentino
492 3264 546 3303 non
568 3256 695 3321 spectant
713 3256 836 3321 raptores
850 3263 932 3303 eausa
945 3265 996 3303 ex-

20 3327 267 3402 prandentium,
282 3331 325 3381 88.
342 3328 436 3382 Peines
448 3327 556 3398 portees
568 3344 618 3399 par
632 3328 671 3382 les
685 3327 736 3383 lois
747 3328 853 3396 civiles,
868 3329 913 3381 st.
925 3326 996 3395 Quid

20 3425 102 3482 agere
110 3408 208 3463 debeat
217 3408 314 3462 mulier
324 3408 350 3462 vi
364 3422 503 3479 oppressa,
517 3414 547 3461 ut
558 3422 572 3461 a
583 3415 696 3478 peceato
706 3407 742 3462 sit
751 3406 890 3470 immunis,
903 3409 945 3461 85.
955 3409 996 3462 dn

18 3491 74 3563 ipsi
90 3488 171 3542 liceat
184 3485 311 3541 occidere
324 3487 488 3554 invasorem,
504 3488 547 3539 85.

57 3599 183 3658 Recidivi.
204 3600 344 3669 Quatenus
366 3599 526 3654 absolvendi
542 3599 608 3666 sint,
627 3601 689 3653 tvo.
705 3597 875 3667 Quandoque
894 3597 995 3652 differri

26 3688 113 3758 potest
124 3679 260 3736 absolutio
275 3678 403 3734 recidivis
422 3677 469 3752 qui
490 3677 569 3749 ¹signa
587 3676 762 3733 contritionis
777 3673 996 3733 extraordinaria
