2362 4094
174 247 251 324 101,
511 264 548 309 oe
570 263 661 307 nonus
682 262 837 309 veronus

172 394 238 443 esse
255 399 261 440 :
279 383 310 440 1ν
324 389 522 442 consummata
535 398 589 460 per
604 379 804 461 pollutionem
819 379 897 440 intra
922 397 997 456 ves3
1019 384 1053 442 2⁰
1076 382 1152 441 turer

172 486 276 540 meree
292 486 362 529 cnm
391 469 476 530 aliter
496 468 632 529 sodomia
655 485 716 530 non
746 468 784 528 sit
816 467 948 548 perlecta
976 469 1012 549 (si
1039 477 1149 544 tamen,

175 573 283 634 poenoe,
296 576 323 618 11.
341 576 370 637 g.
389 557 562 630 reservatio,
584 563 686 619 essent
712 557 780 618 latae
796 557 826 617 in
842 565 1001 636 peccatum
1027 557 1151 620 luxurie

172 649 277 705 contra
294 650 441 715 naturam,
456 647 519 707 istae
531 646 859 707 incurrerenturetionr
870 646 900 705 111
915 663 988 707 casu
1005 645 1150 708 sodomie

171 748 243 792 cum
258 733 405 810 muliere;
423 735 500 796 sieut
511 733 550 794 de
564 752 596 794 se
618 733 845 795 incurrerentnr
861 733 891 793 in
908 751 981 795 casu
1007 733 1152 815 simplicis

174 818 361 900 pollutionis,
379 822 517 902 quentris
534 820 708 883 Salmantio.
726 822 826 882 dicant
841 820 924 901 quod
938 822 1079 901 Episcopi
1091 840 1151 883 non

174 907 1152 993 intendentordinariehunccasumsibireservarentreverohoc

174 1012 236 1056 non
252 997 369 1060 videtur
383 1016 519 1080 unquam
530 997 701 1078 expedire);
716 1001 747 1059 3ο
760 1017 817 1058 esse
829 999 964 1078 frequens
980 1017 986 1056 :
1004 997 1150 1059 hoeenint

85 1078 88 1085 ’
173 1084 316 1166 importat
327 1088 455 1150 verbum
470 1097 645 1163 recorrentes,
663 1087 744 1148 unde
759 1094 919 1149 excusetur
933 1085 986 1167 qni
999 1087 1092 1148 semel
1108 1085 1150 1147 vel

174 1174 221 1245 bis
233 1182 373 1256 peccaret
389 1180 409 1237 ¹.

215 1283 282 1363 188.
306 1281 544 1342 Controvertitur
558 1299 597 1341 an
611 1280 784 1358 hujusmodi
800 1298 906 1360 poenos
919 1280 1077 1343 incurrent
1086 1281 1149 1343 ole-

173 1366 228 1428 riei
255 1367 424 1429 sodomiarn
441 1369 597 1448 potientes.
622 1371 740 1449 Negent
761 1369 851 1449 aliqui
878 1387 914 1429 eo
930 1369 1014 1449 quod
1027 1369 1149 1430 verbum

173 1465 340 1517 exercentes
353 1457 488 1518 videatur
499 1462 618 1518 tantum
635 1457 798 1532 actionem,
813 1474 874 1518 non
892 1475 963 1519 vero
980 1457 1149 1538 passionem

173 1545 359 1624 exprimere:
371 1545 650 1625 probabiliushabet
662 1548 692 1606 S.
703 1546 838 1627 lignee,
848 1564 918 1606 cnut
929 1545 996 1606 aliis
1004 1545 1148 1626 pluribus,

173 1633 263 1693 etium
275 1633 422 1715 patientes
431 1652 497 1695 esse
510 1653 596 1696 veros
607 1633 772 1697 sodomitas
781 1633 979 1714 etpraedictes
992 1652 1099 1714 poenas
1112 1634 1150 1695 in·

173 1739 308 1798 currere,
319 1721 427 1784 eodem
444 1722 535 1784 niodo
549 1742 584 1785 ac
600 1723 743 1786 mulieres
755 1742 816 1784 non
828 1733 1014 1784 excusentur
1027 1742 1044 1783 a
1058 1722 1151 1802 poenis

173 1809 445 1895 controadulteros
460 1810 537 1872 lotis.

91 1992 93 1996 Α
215 1921 281 1980 189.
306 1918 418 1979 iterum
429 1918 661 1980 controvertitur
675 1937 713 1979 en
730 1917 863 1998 praet'etae
876 1936 975 1998 poenae
995 1925 1065 1980 ente
1079 1936 1148 1980 sen·

172 2007 298 2067 tentiam
314 2007 516 2068 incurrentur.
535 2040 572 2052 -
588 2007 693 2068 Plures
716 2006 868 2067 affirmant
882 2025 918 2067 eo
938 2007 1022 2086 quod
1038 2007 1069 2067 in
1099 2016 1148 2068 sue

174 2093 259 2155 Bulla
275 2095 413 2156 Pontifex
426 2094 507 2156 dicat
523 2115 530 2154 ε
541 2097 696 2176 presentis
710 2096 831 2156 cononis
853 2097 1032 2157 anctoritate
1044 2097 1148 2176 prinu-

172 2200 245 2240 nncr.
274 2183 379 2244 Verior
392 2190 491 2245 tamen
516 2191 545 2244 et
566 2184 759 2245 communior
781 2183 929 2245 sententia
951 2190 1053 2262 neget,
1066 2184 1148 2263 juxto

173 2271 204 2331 S.
218 2269 337 2350 Lignor.
355 2275 379 2347 ¹,
395 2273 468 2350 quia
483 2272 564 2332 nullo
580 2290 668 2351 pleno
696 2271 800 2352 aliquo
818 2273 886 2349 jure
915 2271 1066 2350 acquisito
1089 2272 1147 2351 pri·

173 2369 245 2418 vens
255 2359 421 2421 incurritur
434 2366 503 2420 ante
520 2360 712 2435 sententiam,
727 2360 780 2421 etsi
796 2360 827 2420 in
844 2361 908 2439 lege
923 2360 1053 2432 dicatur,
1070 2359 1148 2420 nullu

171 2456 323 2525 expectata
341 2449 484 2509 sententia
491 2448 626 2529 judicis:
642 2447 784 2528 quiahoc
808 2456 853 2509 est
865 2448 1103 2528 intelligendum
1114 2449 1147 2508 de

172 2535 320 2595 sententia
334 2535 599 2596 condemnatoria:
618 2535 745 2615 proinde
759 2535 910 2616 expectari
918 2543 1015 2615 potest
1025 2542 1146 2596 senten-

172 2623 213 2682 tio
233 2622 370 2683 criminis
387 2623 605 2696 declaratore,
633 2624 747 2703 quippe
768 2641 855 2685 secus
883 2622 976 2682 nirnia
998 2623 1147 2686 videretur

172 2707 218 2769 lex
238 2711 299 2789 qud
320 2710 389 2789 quis
416 2730 469 2792 per
490 2710 622 2789 seipsum
649 2716 804 2777 teneretur
820 2728 925 2791 poenes
949 2711 1063 2789 exequi
1083 2717 1147 2772 onte

171 2814 294 2859 omnem
319 2799 512 2861 sententiam.
529 2799 786 2860 ltacommuniter
801 2801 957 2874 Doctores,
975 2799 1146 2876 juxte-Fer·

173 2885 248 2946 roris
260 2889 283 2946 ⁸.
297 2885 372 2948 Vide
385 2886 476 2948 etiarn
495 2887 619 2949 Billuort
631 2888 652 2945 ⁶.

280 3043 316 3099 tv.
329 3073 358 3083 -
371 3045 475 3097 Peccata
492 3023 595 3097 luxurie
609 3046 634 3096 ln
648 3047 739 3113 quibus
751 3045 878 3113 generatio
896 3046 1039 3111 impeditur.

212 3175 280 3235 191).
305 3173 385 3233 inter
399 3171 574 3250 hujusmodi
593 3178 759 3252 peccatore
771 3169 1009 3234 recensenturin
1024 3168 1145 3252 quibus,

89 3331 90 3335 ¹
171 3266 290 3323 servulo
304 3259 406 3321 uetito
420 3279 507 3334 sexu,
523 3279 583 3321 non
593 3270 727 3322 servetur
737 3259 844 3322 modus
857 3259 1147 3324 natutulisconcunr·

171 3348 275 3424 henot,
293 3349 333 3409 1111
346 3355 379 3409 ut
397 3348 552 3429 generatio
567 3347 748 3429 impediatur
758 3370 767 3424 ;
790 3354 819 3410 et
843 3347 900 3409 hoe
915 3345 1036 3427 duplici
1061 3348 1146 3412 niodo

201 3531 224 3582 l.
241 3532 267 3582 S.
286 3531 350 3597 lig„
368 3532 520 3594 1.,11111.

201 3601 224 3652 2.
241 3603 315 3663 ibid,
328 3615 357 3652 no
370 3603 426 3654 tto.

201 3673 225 3722 3.
242 3671 311 3732 ltin,
325 3673 404 3735 11061,
418 3679 466 3725 etc.

203 3741 226 3790 t.
242 3741 344 3793 Dissert.
358 3743 381 3804 6,
394 3749 439 3794 1111.
451 3744 489 3795 111.
530 3780 533 3786 ·
