2362 4094
428 209 520 270 catut
539 212 573 270 ts.
929 195 985 265 itt

23 359 38 397 s
54 336 227 415 celebratis,
242 337 292 401 uel
306 337 433 402 domum
447 359 533 404 suam
544 337 842 411 commemorantum
850 336 988 399 fidicines

24 449 37 484 r
55 426 277 501 conducerent,
292 429 341 489 vet
360 430 418 508 ipsi
434 429 544 490 fidibus
558 429 707 498 canendo,
724 428 865 488 saltantes
874 427 989 506 dirige-

24 537 38 572 s
56 524 124 576 rent
145 517 283 595 :quiesi
298 516 381 597 quod
393 518 499 578 existat
513 517 696 596 perieulum,
713 516 800 576 datur
813 516 889 576 satio
902 515 988 576 sufli-

23 625 39 661 o
55 604 143 664 ¹ciens
155 603 233 665 illud
246 605 453 685 permittendi,
468 611 520 666 aut
533 624 549 665 a
563 612 688 684 peccata
701 603 820 664 mostata
833 622 886 665 seu
905 622 923 663 a
938 622 989 664 ve-

25 714 40 749 r
57 691 134 752 niati
148 710 308 754 excusans.
332 715 347 751 n
372 696 447 754 ttem
465 693 581 754 Praesul
600 695 682 754 idem
694 711 713 754 a
726 690 845 753 mortali
868 699 991 752 excusat

21 779 146 858 eosqui,
159 779 457 860 aliquotiestantum,
472 800 500 842 v.
512 788 572 861 gc,
587 781 620 842 in
632 781 748 854 mente,
759 781 792 842 in
812 780 991 842 'bacchana-
1017 848 1023 859 ⁸
1085 812 1089 825 ι

23 865 184 929 libusinter
193 867 370 941 familiares,
380 869 508 942 vicinos,
521 870 567 930 vet
577 868 862 950 operarioschoreas
871 868 951 949 apud
959 887 992 929 se

23 953 185 1031 celebrant,
194 962 227 1017 et
237 956 319 1017 idem
329 956 445 1019 dicitde
457 957 630 1019 fidicinibus
640 959 693 1039 qui
703 959 735 1018 in
749 957 855 1018 iisdem
866 965 991 1018 canunt.

24 1041 96 1105 uide
109 1044 335 1122 ctiam'Saettt'er
348 1064 396 1125 ap.
410 1046 602 1109 uoussetou.
665 1047 669 1053 '
1022 1116 1027 1125 ,

50 1142 136 1202 ¹228:
153 1141 279 1212 Quaerit.
304 1144 350 1202 An
365 1138 480 1204 absolvi
501 1145 596 1223 possit
620 1149 716 1203 mater
740 1147 763 1202 a'
784 1141 845 1203 dita
870 1142 995 1221 exigens

26 1227 248 1306 quod—‘modum
267 1229 397 1291 saltandi
412 1230 565 1292 addiscat?
578 1234 615 1292 ut
627 1237 729 1299 utrum
745 1229 807 1290 titia
821 1229 994 1307 hujusmodi

26 1313 170 1381 intentati
184 1334 248 1379 suae
261 1314 367 1378 matris
375 1318 585 1403 obtemperare
597 1318 756 1380 teneatur?

59 1406 155 1492 Hesp.
180 1418 212 1474 t·
233 1416 263 1476 Si
279 1415 546 1493 agoturdemodis
572 1414 715 1477 saltandi
726 1415 871 1488 honestis
882 1413 994 1475 alisotvi

27 1506 125 1576 potest
122 1508 241 1565 mater
245 1510 307 1604 pta
309 1503 379 1571 tata
394 1510 466 1565 c'u'm
482 1504 559 1565 nihil
576 1504 714 1566 ittieitum
727 1504 842 1583 exigam
870 1502 996 1597 proinde

27 1585 87 1649 fitia
102 1595 223 1653 tenetur
236 1593 263 1652 ei
278 1592 413 1654 obedire:

29 1689 97 1747 2⁰
119 1686 150 1748 Si
160 1689 288 1768 quaestio
300 1689 339 1750 sit
348 1688 388 1751 de
404 1688 501 1752 ornetis
515 1689 681 1751 inhonestis
684 1689 808 1769 quates
817 1694 899 1763 sunt
907 1707 935 1748 v.
952 1709 995 1767 g„

28 1788 119 1852 supra
132 1775 285 1856 descripti,
303 1784 407 1857 peceat
419 1779 467 1839 itta
484 1787 579 1839 mater
593 1775 664 1839 tatia
678 1777 838 1858 exigendo,
855 1796 926 1849 cum
937 1779 998 1836 sint

30 1861 120 1936 mata,
135 1869 166 1924 et
178 1865 268 1925 matri
288 1884 347 1926 non
375 1866 463 1927 liceat
489 1866 564 1933 velie
585 1874 618 1928 ut
643 1866 703 1927 titia
731 1866 810 1926 maie
834 1873 912 1946 agat,
943 1884 999 1926 nec

28 1947 134 2011 debeat
161 1952 244 2014 iilam
274 1972 426 2034 exponere
453 1956 587 2034 pericuto
611 1956 642 2015 in
658 1954 807 2016 tutorum
840 1954 997 2033 peccandi.

30 2038 115 2099 Unde
128 2040 311 2103 absolvenda
326 2050 446 2105 nonest
457 2043 514 2104 nisi
524 2044 678 2104 desistata
692 2043 744 2103 tati
756 2042 909 2102 mandato.
925 2043 999 2102 Filia

31 2132 129 2188 tamen
142 2129 331 2208 possetticite
342 2132 450 2193 modos
464 2132 507 2193 sic
516 2131 641 2192 saltandi
657 2130 812 2191 addiscere
825 2147 895 2190 cum
913 2130 1000 2190 firma

33 2212 198 2278 intentione
213 2236 370 2299 nunquam
384 2239 437 2281 eos
451 2219 488 2282 a'd
504 2221 619 2300 praxim
631 2217 809 2289 reducendi,
820 2217 999 2292 dummodo,

31 2319 86 2378 pro
118 2305 155 2366 iis
183 2306 375 2369 addiscendis
401 2328 473 2369 cum
495 2310 557 2369 viro
580 2306 684 2387 juveni
717 2304 848 2367 maxime
874 2322 936 2364 non
969 2323 1002 2366 se

32 2400 194 2456 exerceret.
266 2428 270 2437 ι

322 2545 351 2593 V.
365 2572 396 2582 -
414 2546 447 2596 tte
465 2551 555 2596 ornatu
566 2545 707 2596 mulierum.

71 2680 142 2739 229.
166 2676 212 2738 Ob
225 2677 456 2760 quadrupticem
467 2697 589 2741 causam
602 2682 700 2761 potest
724 2681 793 2760 quis
815 2698 847 2741 se
872 2680 1004 2742 vestibus

35 2762 160 2827 induere
175 2784 182 2825 :
196 2765 437 2828 dirimendum
452 2786 562 2849 eorpus
575 2777 680 2830 contra
705 2769 783 2830 aeris
808 2768 932 2849 injurias
948 2788 957 2839 ;
974 2777 1005 2830 2⁰

36 2849 71 2912 ad
84 2853 273 2916 verecundas
287 2854 423 2935 corporis
437 2863 537 2936 partes
551 2857 709 2936 tegendas3
730 2861 762 2917 3⁰
776 2855 813 2916 ad
827 2857 1004 2918 servandam

37 2940 148 3022 proprii
163 2948 258 3003 status
268 2941 428 3004 decenttan
436 2944 522 3024 juxta
531 2947 637 3027 patriae
648 2963 782 3017 morem;
798 2951 832 3006 4⁰
844 2945 881 3009 ad
891 2965 1005 3026 augen-

37 3027 106 3089 dam
134 3029 405 3110 putchritodinem.
428 3035 472 3092 De
497 3034 594 3094 tribus
620 3033 772 3113 prioribus
797 3035 896 3095 causis
923 3035 1006 3095 nutta

37 3123 133 3218 pptest
147 3136 213 3179 esse
225 3116 397 3197 difficultas,
412 3121 529 3182 comsit
543 3122 758 3199 necessarium,
768 3129 888 3184 etcerte
902 3140 1007 3183 conve·

37 3204 125 3267 niens
140 3204 367 3284 oblruJusmodi
382 3226 488 3270 causas
506 3225 539 3269 se
556 3209 741 3271 vestimentis
761 3210 898 3272 induere
924 3209 1007 3271 Diffi

39 3290 135 3355 cultas
161 3300 208 3355 est
230 3301 348 3358 tantum
374 3295 475 3375 quoad
498 3314 621 3357 causam
647 3304 809 3377 quartam,
841 3299 1008 3379 praesertim

40 3376 139 3462 quoad
152 3382 308 3457 mutieres
324 3384 617 3464 quaeadvanrtatam
629 3392 702 3446 sunt
711 3385 944 3466 procliviorese
955 3405 1010 3447 suo

41 3478 183 3552 apparatu
193 3472 386 3534 occasionem
400 3472 497 3534 ruinae
507 3472 709 3552 spiritualis
682 3476 753 3537 viris
766 3473 1006 3537 subministrant

71 3704 95 3757 t.
113 3705 147 3760 οο
158 3708 236 3762 rasta
249 3708 307 3764 otc,
321 3718 345 3767 p.
358 3703 396 3755 dt.
