2384 4138
464 186 558 231 aarur
577 186 613 230 11.
942 162 944 169 ’
988 180 1025 238 31

36 300 208 374 praestare,
223 297 403 375 prudentum
427 297 559 372 arbitrio,
575 303 697 377 propter
718 315 879 360 moerorem
901 306 932 361 et
945 303 1027 381 peri·

37 382 156 445 culum
181 385 342 446 vexationis
364 404 381 446 a
406 385 506 448 tuturo
533 385 640 446 marito
664 386 812 466 patiendae
838 386 862 448 si
885 395 1028 470 corrupta

38 478 265 552 cognoscatur.
292 475 328 534 Et
341 473 401 535 boo
425 474 517 535 etiam
540 475 570 535 in
589 473 683 535 dubio
697 493 737 535 an
751 475 852 555 puelia
867 475 956 538 fuerit
971 497 1028 540 nee

37 559 195 639 ueprius
221 561 259 621 ab
280 561 340 623 alio
361 569 519 643 corrupta,
546 563 618 644 quia
643 563 761 644 integra
787 565 956 644 reputanda
983 574 1027 628 est

35 646 147 709 donec
167 650 339 729 oppositum
360 657 443 713 certo
468 651 621 731 probetur.
640 650 724 712 Idem
748 658 792 712 est
806 652 971 715 dicendum
995 655 1025 715 in

35 754 117 796 casu
131 755 195 816 quo
209 737 302 798 luerit
314 745 394 800 certe
410 738 494 818 prius
514 745 668 818 corrupta,
680 741 704 800 si
720 759 758 802 ex
770 759 848 802 novo
862 743 1026 806 concubitu

36 830 166 886 tantum
187 825 275 886 famae
297 827 447 904 jacturam
474 846 561 907 passa
581 827 680 889 fuerit.
698 831 765 889 Non
790 835 910 890 tenetur
924 837 1025 892 tamen

37 917 200 992 stuprator
227 914 369 976 violatam
394 916 516 985 ducere,
547 934 617 977 cum
644 917 700 996 ipsi
716 917 944 979 matrimonium
964 937 1024 980 non

37 1001 237 1081 promiserit;
267 1002 320 1064 sed
344 1003 382 1065 ad
402 1003 462 1065 hoo
484 1009 585 1084 posset
608 1023 661 1084 per
680 1004 815 1083 judicem
835 1004 972 1067 damnari
993 1007 1024 1068 in

36 1107 171 1170 poenam
185 1091 232 1152 sui
244 1091 400 1168 criminis,
423 1111 460 1154 ex
473 1112 539 1173 cap.
557 1096 585 1169 t,
601 1093 645 1154 lle
656 1092 785 1155 adulter.

80 1177 164 1240 uasu
178 1185 281 1241 autem
295 1198 357 1260 quo
368 1181 453 1260 virgo
462 1182 574 1260 injuste
588 1181 705 1255 violata,
717 1199 807 1262 eque
821 1186 923 1262 postea
947 1181 1025 1245 bene

35 1266 152 1345 nubat,
169 1267 206 1329 ad
235 1267 310 1329 nihil
325 1276 446 1332 tenetur
459 1270 601 1344 violator,
616 1269 672 1331 nisi
698 1277 769 1331 ante
795 1270 1024 1332 matrimonium

34 1355 147 1416 dotem
175 1356 366 1436 promisisset
385 1366 438 1420 aut
464 1358 501 1421 ad
530 1375 598 1419 eam
620 1376 675 1439 per
705 1356 838 1435 judicem
863 1357 1025 1420 damnatus

34 1443 160 1505 fuisset.
176 1443 307 1516 Quidam
334 1450 438 1507 tamen
466 1446 626 1508 advertunt
652 1445 735 1526 quod
761 1447 786 1506 si
810 1445 921 1507 mutter
944 1446 1023 1508 mate

33 1535 296 1596 tracteturariro
308 1541 431 1615 propter
454 1534 606 1597 detectum
630 1539 779 1612 stuprum,
792 1533 939 1595 damnum
966 1534 1023 1616 ipsi

35 1638 244 1700 compensare
259 1622 367 1685 debeat
385 1622 547 1685 defloratur
560 1626 580 1683 ¹.
968 1614 972 1627 ⁴
1065 1637 1068 1641 ·

77 1721 130 1780 68.
156 1718 409 1782 communissima
422 1728 551 1800 negatur
565 1721 653 1780 aDD.
670 1719 753 1799 quod
768 1720 803 1795 is,
817 1718 869 1799 qui
883 1719 1023 1798 precibus

32 1814 162 1869 tantum
175 1808 369 1890 importunis,
380 1809 427 1870 vel
440 1809 632 1882 muneribus,
644 1808 692 1868 ret
703 1808 860 1888 promissis
872 1807 1020 1888 virginem

32 1895 73 1956 ad
90 1896 211 1958 crimen
225 1896 355 1973 induxit,
368 1904 506 1960 teneatur
530 1897 568 1958 ad
596 1898 693 1977 ipsam
715 1897 885 1959 ducendam
900 1896 947 1958 vet
960 1896 1019 1958 do-

32 1983 187 2062 tandum,
203 1985 263 2047 nisi
284 1986 427 2066 precibus
438 1987 552 2065 iunctae
567 1985 627 2047 sint
640 1985 731 2046 minae
744 1993 796 2046 aut
815 1992 915 2046 metus
929 2003 1017 2046 reva-

33 2072 195 2149 rentiatis;
223 2074 270 2136 vel
298 2075 363 2136 nisi
382 2092 487 2156 praees
514 2073 590 2137 adeo
624 2072 737 2134 fuerint
776 2074 957 2153 importunae
986 2079 1020 2135 ut

31 2160 141 2242 puelia
169 2161 269 2242 majus
300 2160 517 2242 detrimentum
543 2161 692 2244 putaverit
721 2161 804 2222 ittam
831 2161 1017 2223 vexationem

31 2266 132 2329 quam
158 2249 335 2329 virginitatis
347 2249 511 2331 jacturam,
522 2249 603 2329 quod
616 2255 719 2311 tamen
734 2242 886 2310 rarissime
899 2248 1017 2310 contin-

32 2336 234 2416 gerodebet3
255 2339 301 2399 vel
326 2339 384 2400 nisi
407 2339 451 2400 vir
475 2339 619 2419 inceperit
640 2337 768 2400 tactibus
788 2343 819 2398 et
832 2336 942 2398 osculis
957 2338 1016 2398 vim

30 2425 152 2487 inferre
168 2445 175 2485 :
192 2426 274 2507 quia,
289 2427 343 2488 etsi
359 2428 460 2508 puella
484 2426 595 2489 deinde
618 2426 804 2506 consenserit
815 2424 870 2498 „in
882 2425 1017 2505 periculo

31 2514 78 2575 sic
94 2515 306 2575 consentiendi
319 2534 373 2595 per
391 2515 452 2577 vim
464 2514 692 2576 antecedentem
712 2513 766 2576 tuit
781 2512 928 2575 violenter
941 2531 1017 2575 con·

31 2602 164 2678 stituta;
193 2602 241 2663 vel
264 2602 397 2684 denique
425 2603 483 2665 nisi
509 2603 609 2684 puella
642 2602 710 2664 ideo
733 2602 920 2663 consenserit
944 2603 1017 2683 quia

30 2688 139 2752 timuit
163 2689 314 2753 diffamari
337 2692 401 2754 sola
427 2710 498 2754 cum
523 2691 703 2753 defloratore
716 2691 767 2772 qui
783 2689 904 2752 nolebat
917 2691 1015 2754 disoe-

32 2777 109 2865 dere
120 2778 253 2843 inventa.
268 2782 303 2842 In
318 2781 365 2842 bis
378 2786 481 2843 tamen
495 2785 525 2842 et
536 2780 686 2842 similibus
699 2778 819 2848 casibus
832 2778 938 2841 dieunt
949 2781 1015 2843 Sal-

32 2868 240 2932 mantieenses
263 2870 438 2933 violatorem
458 2877 577 2933 tantum
604 2869 700 2932 teneri
726 2868 764 2930 ad
791 2873 924 2949 partem,
951 2889 1014 2933 non

32 2975 106 3020 vero
120 2957 161 3021 ad
172 2976 297 3020 omnem
310 2958 493 3021 damnorum
512 2958 734 3040 reparationem
747 2961 770 3017 ⁸.

72 3051 125 3110 69.
150 3047 182 3108 Si
196 3047 490 3128 perpromissionem
506 3046 690 3108 matrimonii
701 3045 1013 3127 defloratorcopulam

31 3135 176 3212 extorsit,
190 3135 237 3197 vet
262 3154 316 3214 prr
330 3155 431 3197 veram
447 3135 679 3215 promissionem
703 3132 734 3194 id
756 3134 886 3197 obtinuit
899 3135 944 3198 ret
957 3154 1013 3217 per

30 3223 154 3301 falsam.
171 3225 202 3285 si
226 3243 279 3304 per
308 3243 419 3297 reram,
436 3226 537 3304 plures
561 3223 696 3305 quidem,
718 3225 884 3302 praesertim
905 3243 1011 3315 recep-

31 3312 125 3374 tiores
150 3318 240 3392 prout
263 3314 408 3387 Carriere,
433 3312 520 3372 Card,
538 3315 675 3385 Gousset,
694 3315 755 3371 Μ).
774 3314 921 3392 Lyonnet,
937 3321 1008 3391 etc,

30 3401 224 3464 contendunt
249 3400 327 3463 hano
351 3399 584 3483 promissionem
599 3401 724 3460 minime
738 3402 954 3463 conscientiam
970 3401 1008 3464 u-

107 3612 134 3664 S.
148 3612 262 3678 bigam„
276 3612 319 3663 tib.
333 3612 358 3675 3,
371 3621 399 3663 n⁰
410 3610 465 3661 ata.

107 3684 133 3734 S.
150 3683 264 3749 biguor„
276 3683 332 3734 ibid.

63 3614 87 3664 t.

63 3683 88 3734 2.
