2384 4138
190 272 229 330 td
513 284 550 329 nu
572 283 666 331 nunus
685 282 840 330 innueris.

191 400 270 480 plius
290 399 499 461 consulentem
523 399 673 480 obligant,
698 399 767 480 quia
794 395 907 477 duplici
930 394 1019 457 titulo
1044 396 1173 467 nocuit,

190 488 378 550 consulentis
391 506 501 568 nempe
520 493 550 549 et
564 488 767 569 exsequentis.
780 490 821 548 lta
837 485 941 560 Collet,
952 485 1013 544 ut).
1023 483 1172 557 bouvier,

188 583 260 654 etc,
276 577 356 658 apud
371 577 507 638 Carridre
522 576 573 658 qui
588 577 661 639 huie
675 575 831 639 sententiae
844 572 998 635 adhaerere
1010 572 1142 636 videtur
1155 575 1172 646 '3

191 665 243 727 sed
259 667 288 725 in
304 665 388 727 omni
404 666 552 726 sententia
569 672 696 746 uterque
712 671 831 726 tenetur
844 663 876 724 in
891 661 1035 724 solidum.

227 755 278 816 96.
301 754 332 816 Si
347 753 510 835 posterius,
524 754 639 816 scilicet
649 755 673 815 si
689 753 818 815 dubium
829 752 936 813 existat
944 750 983 811 de
996 755 1069 812 orta
1083 750 1173 832 prole

188 840 416 920 adulterina,vcl
433 847 462 904 l⁰
474 842 628 904 dubitatur
639 862 677 904 an
689 842 787 923 proles
802 843 839 902 sit
849 839 977 901 adulteri
990 839 1036 900 vel
1053 841 1171 914 mariti,

189 937 218 990 et
235 936 319 1006 tunc,
336 932 421 1011 Juxta
443 932 625 993 sententiam
644 948 858 1004 communem,
875 927 991 990 adulter
1004 934 1172 991 excusatur

189 1017 227 1079 ab
240 1020 324 1080 cinni
339 1020 547 1097 restitutione,
573 1021 643 1101 quia
658 1019 758 1100 proles
783 1019 915 1099 legitima
930 1022 976 1078 est
996 1018 1171 1097 reputanda

191 1107 246 1168 nisi
261 1109 434 1189 oppositum
455 1115 584 1180 constet,
596 1115 626 1170 et
639 1108 763 1171 aliunde
779 1125 869 1167 uerno
884 1112 930 1167 est
948 1105 986 1166 ad
1007 1105 1171 1168 restituen-

76 1252 83 1262 .
188 1195 263 1258 dum
286 1197 479 1259 damnandus
504 1196 561 1257 nisi
584 1197 624 1258 de
646 1197 759 1259 damno
782 1202 908 1258 constet.
935 1197 976 1254 lta
1002 1194 1095 1256 multi
1120 1214 1166 1275 ap.

190 1286 220 1345 S.
237 1285 358 1365 Lignor.
378 1291 401 1347 ².
415 1288 507 1352 Seous
521 1292 622 1347 tamen
635 1284 762 1348 censent
777 1284 901 1366 quidam
916 1284 1086 1363 allegantes
1109 1302 1168 1346 non

189 1392 254 1436 esse
261 1394 383 1455 aequum
394 1382 428 1437 ut
439 1375 574 1450 mantus,
587 1376 640 1455 qui
649 1382 693 1437 est
708 1376 865 1449 innocens,
878 1377 974 1435 totum
988 1370 1167 1447 serotenus,

190 1463 307 1525 nullum
320 1482 390 1524 vero
399 1463 451 1543 qni
464 1472 546 1525 certe
560 1463 602 1524 rei
613 1471 683 1525 sunt
695 1472 724 1525 et
735 1463 810 1524 lorte
824 1468 961 1524 auctores
969 1460 1168 1523 damni.Vide

188 1552 323 1612 Carribre
349 1552 360 1586 ⁸
386 1552 437 1632 qui
462 1551 535 1614 huie
560 1551 913 1626 sententiaeadhaerct,et
940 1548 1050 1630 pariter
1077 1549 1165 1612 Card.

189 1640 316 1701 Gousset
338 1641 359 1700 ⁸.
382 1640 475 1702 Nobis
496 1647 596 1725 tamen
612 1642 711 1723 magis
726 1637 1085 1721 peremptoriavidentur
1101 1656 1167 1702 mo·

189 1734 291 1790 menta
303 1728 414 1810 quibus
429 1730 535 1793 nititur
544 1730 626 1812 prior
635 1730 793 1803 sententia,
808 1748 877 1810 quae
893 1727 1015 1791 aliunde
1026 1732 1168 1792 esteom·

191 1817 300 1879 niunis.
327 1817 361 1897 §i
382 1824 486 1881 autem
504 1818 693 1881 dubitaretur
716 1836 755 1880 an
775 1817 957 1880 adulterium
980 1815 1072 1878 luerit
1090 1836 1167 1880 cou-

190 1912 387 1976 summatum,
403 1907 531 1988 ipsamet
545 1906 633 1969 Gard.
650 1910 778 1971 Gousset
791 1907 932 1987 opinatur
945 1905 983 1967 ad
998 1905 1075 1967 nibil
1093 1911 1166 1970 tuuc

189 1994 315 2075 obligari
329 1996 502 2058 adulterum
515 1998 536 2058 ⁸.

228 2087 277 2145 97.
301 2086 355 2146 Vel
370 2088 402 2145 2⁰
416 2083 543 2147 dubium
558 2092 691 2148 versatur
706 2085 784 2147 inter
797 2085 875 2147 duos
889 2082 1041 2146 adulteros
1062 2103 1071 2145 ε
1088 2084 1163 2148 etin

188 2170 245 2233 hoo
258 2191 331 2235 casu
345 2174 447 2252 plures
461 2174 570 2236 iterum
583 2175 747 2256 opinantur
765 2180 909 2237 neutrum
922 2173 1059 2254 ipsorum
1080 2174 1164 2236 ordi-

190 2261 272 2322 narie
289 2263 383 2325 teneri
399 2262 436 2323 ad
451 2264 671 2344 raparationem
691 2263 806 2338 damni,
822 2263 885 2326 imo
900 2280 956 2324 uec
969 2261 1006 2323 ad
1021 2262 1165 2327 alendam

189 2350 325 2430 prolem:
341 2348 416 2412 ratio
430 2357 477 2412 cst
487 2352 558 2432 quia
570 2352 607 2412 ad
617 2352 831 2433 obligationem
844 2350 1165 2415 restitutioniscontra·

189 2437 319 2500 hendam
345 2458 405 2501 non
429 2438 540 2501 suflicit
560 2440 643 2521 quod
663 2442 740 2503 actio
755 2442 793 2503 sit
810 2441 938 2520 injusta,
961 2440 1014 2502 sed
1038 2440 1163 2524 insuper

189 2527 353 2607 requiritur
371 2527 520 2589 damnum
530 2528 621 2591 tuisse
636 2548 673 2592 ex
685 2529 738 2591 illa
752 2530 869 2592 actione
891 2536 972 2591 certe
992 2536 1160 2593 causatum.

190 2617 251 2677 Nec
261 2616 320 2677 dici
334 2618 470 2679 universe
484 2616 559 2678 valet
572 2619 813 2700 uniuscujusque
827 2619 968 2700 copulam
981 2617 1075 2680 fuisse
1089 2638 1161 2682 cau·

189 2722 252 2765 sam
272 2705 493 2768 incertitudinis
508 2706 600 2788 prolis
621 2729 627 2770 :
645 2708 716 2789 quia
730 2708 789 2769 hoc
802 2708 861 2769 dici
877 2713 974 2788 potest
990 2712 1114 2768 tantum
1127 2706 1163 2770 dc

189 2794 322 2857 secundo
336 2795 499 2871 adulterio,
515 2814 588 2859 casu
608 2816 670 2878 quo
688 2797 762 2858 illud
777 2802 954 2878 perpetrans
967 2795 1082 2859 sciebat
1100 2796 1163 2878 iam

189 2882 269 2945 aliud
284 2883 467 2945 adulterium
482 2884 574 2949 fuisse
593 2892 745 2967 patratum
757 2904 829 2948 cum
840 2885 948 2948 eodem
962 2883 1115 2962 adultero,
1137 2890 1164 2947 et

189 2972 232 3034 sic
255 2972 410 3054 impedivit
432 2992 470 3036 ne
492 2974 637 3037 alimenta
663 2975 710 3037 rel
732 2975 799 3037 aliae
821 2968 1031 3039 restitutiones
1048 2974 1164 3055 possint

188 3062 279 3143 exigl,
290 3071 342 3125 aut
356 3063 448 3125 etiam
457 3064 501 3128 ’de
514 3082 587 3127 casu
603 3064 634 3126 in
646 3084 707 3146 quo
722 3066 834 3146 plures,
850 3063 1008 3126 communi
1021 3061 1161 3137 consilio,

188 3151 371 3214 adulterium
394 3152 631 3231 commiserunt;
657 3153 709 3215 sed
734 3153 879 3235 probandi
904 3154 964 3214 rim
989 3170 1049 3213 non
1074 3152 1163 3214 habet

188 3240 311 3320 praelata
325 3241 401 3303 ratio
414 3261 485 3323 erga
500 3244 634 3323 primunt
649 3244 820 3307 adulterum
836 3261 984 3323 casuque
1008 3241 1162 3323 peccando

190 3350 250 3393 uon
266 3331 440 3413 advertitlde
462 3331 618 3394 adulteriis
632 3333 740 3396 tuturis
749 3355 758 3407 3
774 3332 854 3395 unde
870 3333 900 3394 in
914 3332 990 3393 facta
1004 3331 1160 3413 hypothesi

221 3527 242 3576 t.
262 3527 408 3590 Dejrtstitic,
422 3537 449 3574 n⁰
459 3526 529 3578 1381.

221 3599 245 3647 1.
263 3598 318 3647 Lib.
331 3597 355 3658 3,
369 3607 397 3647 n⁰
409 3597 464 3648 oet.

221 3670 244 3718 3.
263 3668 381 3729 Carritre,
395 3670 462 3728 idid,
475 3669 582 3719 1101385.

219 3738 242 3789 l.
261 3740 362 3799 Mortale,
377 3749 403 3787 n⁰
417 3739 488 3789 lllttl.

220 3811 242 3858 5.
261 3810 320 3860 lbid.
