2384 4138
175 142 215 200 to
496 154 533 198 nn
552 153 646 198 nanus
665 154 819 198 vernans.

181 301 196 336 a
217 284 270 342 aut
283 278 461 342 adhibeatur
474 287 506 341 ut
522 297 625 340 servus
641 288 670 340 et
693 279 812 351 ancilla,
834 285 937 359 raptus
959 281 1009 341 ille
1035 300 1095 344 non
1114 299 1162 345 est

181 389 196 424 a
217 368 332 446 species
342 368 479 430 luxuriae.
497 368 749 439 Quamvisautenr
763 372 865 447 raptus
873 367 912 429 de
924 387 986 448 quo
1001 369 1159 451 loquimu.

182 478 198 513 a
219 474 281 516 non
296 456 404 517 habeat
418 474 507 518 suum
527 456 786 535 complementum
804 456 862 516 nisi
879 475 933 535 per
947 457 1127 539 expletione
1155 505 1163 518 „

181 566 197 601 (ι
218 543 362 619 libidinis,
378 563 467 605 verus
481 550 581 605 tamen
594 552 697 624 raptus
710 545 767 606 erit
782 562 819 605 ex
834 544 898 607 sola
909 545 1090 624 intentione,
1103 566 1161 610 co-

182 655 198 689 «
218 632 292 712 pula
307 651 368 694 non
383 640 524 699 secuta.»

219 734 268 792 83.
291 733 336 791 Ex
350 730 438 792 dictis
447 731 599 811 colligitur
614 735 644 791 t⁰
659 731 767 791 Virum
785 731 981 810 quimorem
1004 750 1106 808 suam,
1124 733 1163 799 de

179 819 318 900 ingressu
332 820 486 900 religionis
509 819 588 879 intra
611 818 755 879 bimestre
774 818 1005 897 deliberantem,
1020 815 1049 881 ui
1065 822 1161 897 illata,

179 908 357 987 cognoscit,
380 907 565 988 probabilius
586 925 653 968 esse
674 914 838 988 raptorem.
864 910 907 969 lta
921 908 1040 988 Sylvius
1058 917 1091 971 et
1113 911 1165 972 ali

180 996 262 1076 apud
277 996 405 1058 Billuart
418 999 438 1054 ¹.

221 1084 378 1164 Colligitur
389 1089 422 1146 2⁰
436 1087 515 1145 Eum
529 1083 582 1165 qni
593 1083 754 1164 copulatur
769 1082 892 1145 feminae
912 1084 1078 1147 dormienti
1094 1084 1160 1149 abs'

181 1191 241 1254 que
264 1173 375 1254 praevio
399 1174 466 1253 ejus
479 1190 643 1260 consensu,
670 1190 736 1234 esse
757 1171 862 1254 aliquo
884 1172 974 1233 modo
994 1180 1151 1254 raptorem
1163 1239 1167 1246 ,,

95 1322 100 1331 ,
181 1263 212 1322 in
228 1269 377 1342 quantum
399 1261 512 1323 scilicet
531 1260 711 1339 iniustitiam
725 1261 886 1323 committit
903 1262 1020 1341 quaein
1037 1264 1161 1327 confes*

142 1343 145 1348 ’
181 1350 266 1426 sione
280 1357 326 1412 est
338 1349 529 1431 explicanda.
549 1348 633 1410 ldem
646 1356 691 1410 est
702 1350 867 1412 dicendum
882 1350 920 1410 de
933 1368 970 1410 eo
984 1351 1039 1431 qui
1055 1352 1124 1414 sine
1136 1350 1163 1415 vt

182 1438 323 1520 copulam
344 1444 537 1519 extorqueret
557 1456 575 1499 a
592 1437 693 1517 puella
708 1447 778 1500 ante
792 1457 883 1501 usum
904 1439 1039 1513 rationis,
1055 1457 1112 1503 seu
1126 1442 1166 1503 ab

183 1545 218 1589 ea
232 1546 302 1607 quae
312 1527 405 1606 hujus
420 1527 535 1607 peccati
546 1524 623 1586 foret
638 1526 778 1605 ignarae
1000 1526 1002 1530 ”

224 1629 272 1689 83.
297 1625 401 1696 Quoad
424 1625 642 1705 obligationem
657 1625 831 1699 restituendi
849 1633 952 1705 raptus
976 1645 1080 1699 causa,
1098 1627 1155 1689 vid

183 1714 262 1776 dicta
277 1733 368 1796 supra
382 1713 421 1775 de
435 1722 540 1794 stupro
556 1713 618 1794 (66,
628 1713 715 1794 etc).
726 1713 782 1787 Qui
796 1720 897 1775 autem
912 1714 951 1775 ad
963 1724 1088 1795 raptum
1100 1716 1163 1778 effi*

185 1803 296 1864 caciter
319 1803 472 1881 cooperati
495 1811 583 1875 sunt,
607 1809 701 1866 totam
730 1802 909 1879 iniustitiam
932 1821 1004 1881 erga
1029 1804 1163 1883 puellant

184 1894 313 1971 ejusque
327 1896 478 1971 parentes,
492 1892 621 1970 raptoris
632 1891 762 1962 deiectu,
781 1908 919 1970 reparare
932 1890 1056 1951 debent.

225 1978 542 2042 Excommunicationi
557 1998 574 2040 a
588 1980 723 2041 Concilio
745 1978 947 2040 Tridentinol
971 1978 1040 2040 tarae
1059 1988 1165 2046 contra

185 2075 322 2150 raptores
345 2074 376 2128 et
396 2085 504 2128 omnes
525 2067 583 2128 illis
605 2067 784 2139 consilium,
803 2066 949 2128 auxilium
973 2075 1003 2127 et
1028 2066 1164 2133 savorem

186 2156 366 2236 praebentes,
381 2155 469 2217 locus
483 2173 548 2217 esse
565 2174 627 2218 non
642 2155 771 2231 videtur,
795 2154 852 2215 nisi
864 2154 988 2235 quando
1002 2156 1109 2233 agitur
1127 2157 1165 2223 du

186 2253 275 2327 raptu
289 2243 473 2305 matrimonii
488 2261 580 2306 causa
592 2249 617 2304 ⁴.
760 2314 762 2317 ¹

226 2349 276 2406 84.
300 2342 404 2414 Quoad
419 2359 524 2423 poenas
538 2359 555 2403 a
567 2340 720 2420 jurecivili
737 2340 809 2400 latas
823 2339 903 2420 apud
919 2357 986 2413 nos,
1002 2339 1072 2402 vide
1087 2342 1164 2407 dicta

74 2470 77 2477 ·
187 2451 278 2512 supra
295 2431 356 2511 (58,
368 2434 418 2508 59,
430 2430 494 2511 80),
507 2437 536 2492 et
551 2430 675 2511 insuper
685 2435 742 2491 art.
759 2431 818 2490 354
837 2447 845 2487 :
865 2425 1068 2508 «Quiconque
1094 2444 1164 2495 aura

193 2544 207 2578 a
228 2539 282 2600 par
297 2519 401 2581 liaude
424 2537 463 2580 ou
487 2536 541 2599 par
564 2518 698 2591 violence
722 2516 828 2578 enlevd
848 2534 889 2577 ou
904 2516 955 2576 tait
977 2516 1101 2578 enlever

193 2631 208 2666 o
230 2609 378 2682 mineurs,
393 2625 434 2668 ou
456 2607 500 2668 les
513 2624 585 2667 aura
608 2605 770 2680 entralne's,
785 2603 949 2665 de'tournes
963 2622 1003 2664 ou
1025 2603 1118 2685 depla
1165 2647 1166 2656 η

192 2720 207 2754 o
229 2697 284 2759 des
298 2696 380 2758 lieux
394 2695 435 2756 ob
455 2695 490 2756 ils
503 2694 614 2756 etaient
628 2693 684 2754 mis
700 2692 870 2773 paroemia
890 2691 1039 2761 l'autoritd
1050 2710 1093 2753 ou
1109 2692 1172 2757 eu

195 2810 210 2845 a
230 2786 376 2847 directior
390 2782 534 2863 desquels
553 2782 590 2844 ils
604 2782 715 2843 etaient
729 2780 844 2842 soumis
858 2798 897 2841 ou
922 2779 1047 2854 confide,
1064 2781 1134 2842 subi
1155 2805 1156 2832 ι

196 2871 631 2954 abmmoebmmm.

235 2986 252 3023 e
271 2966 341 3024 355.
356 2962 387 3022 Si
397 2961 425 3021 la
439 2977 590 3041 personne
600 2959 676 3021 ainsi
687 2959 809 3020 enleve'e
820 2975 861 3018 ou
872 2955 1093 3019 detoumdeest
1107 2970 1169 3023 unt

196 3075 212 3112 r
232 3050 297 3115 lille
315 3049 497 3111 au-dessous
519 3047 557 3109 de
576 3047 652 3109 seize
670 3065 725 3108 ans
744 3044 919 3125 accomplis,
934 3044 962 3104 le
987 3046 1078 3125 peine
1102 3060 1167 3109 sera

197 3163 212 3198 a
232 3140 307 3208 celle
321 3138 375 3200 des
386 3149 506 3207 travena
517 3134 614 3197 lorce's
629 3137 646 3197 t
658 3142 765 3215 temps.

237 3251 253 3289 a
272 3230 343 3290 aad.
360 3226 466 3298 Ouand
476 3224 502 3285 la
518 3223 579 3286 lille
590 3223 819 3286 au-dessousde
833 3222 909 3286 seire
919 3238 973 3283 ans
987 3222 1165 3287 auraitcon·

225 3451 249 3501 l.
264 3449 335 3509 ibid,
348 3455 395 3500 art.
409 3450 435 3498 l.

226 3520 250 3571 3.
270 3520 383 3580 billuart,
394 3520 451 3571 ibid.

227 3593 251 3641 3.
269 3592 337 3642 Sese.
351 3591 392 3652 at,
406 3606 428 3641 c.
441 3591 466 3640 6.

230 3666 254 3717 t.
273 3662 385 3724 llilluart,
400 3662 501 3713 Dissert.
515 3660 539 3721 5,
553 3664 598 3711 art.
612 3659 636 3720 t,
649 3657 695 3725 pa,
709 3655 799 3708 dicitur
811 3655 846 3704 l0.
