2362 4094
163 216 203 274 86
489 229 528 272 ua
546 229 639 273 33333
657 230 812 275 varinnis.

164 343 235 416 tiva,
251 343 367 408 licitum
380 358 447 407 esse
470 346 555 408 illam
579 365 757 427 procurare,
783 347 844 408 imo
870 352 900 408 et
915 344 1124 421 necessarium,

163 433 282 512 quoties
294 434 324 493 id
351 439 457 495 natura
484 435 626 515 33313131.
652 435 710 497 Sed
735 436 793 498 hoc
816 436 874 497 tuit
896 435 1080 497 damnatum
1099 435 1129 496 ab

162 522 483 605 13333.111,3133333
507 524 640 585 diximus
669 524 745 606 (28).
778 528 822 587 De
848 523 981 586 mollitie
1005 523 1129 605 loquitur

165 610 450 689 Apostolusdcm,
466 631 493 672 c.
508 617 539 684 6,
555 631 584 673 v.
599 616 618 673 9
632 618 662 674 31
678 616 716 675 10
731 634 737 673 :
758 613 885 674 31131113
900 632 1006 674 muare
1023 629 1131 692 :neque

167 720 182 756 a
202 696 366 774 fornicarii,
378 701 577 781 nequeidolis
587 703 760 773 3333133133,
775 720 874 782 neque
887 700 1032 779 adulteri,
1043 719 1130 781 neque

168 810 186 845 «·
205 786 322 857 molles,
335 805 434 867 neque
447 790 653 851 masculorum
665 790 916 852 concubitores...
938 807 1073 870 regnum
1084 790 1130 851 Dei

167 897 182 934 «
204 875 411 954 possidebunt.
427 898 442 934 3
468 878 973 958 113331311313131331111313133,3.
989 883 1021 948 5,
1038 899 1065 939 v.
1076 882 1108 939 19
1122 897 1130 937 :

169 986 184 1020 a
203 963 360 1027 Manifesta
369 970 438 1027 sunt
451 976 544 1046 opera
558 966 668 1039 earnis,
677 974 823 1047 quaesunt
834 966 1006 1040 fornicatio,
1017 967 1131 1027 1333333-

168 1074 183 1110 3
204 1051 294 1121 ditio,
312 1053 499 1134 impudicitae,
516 1054 639 1117 1333313
652 1062 681 1117 31
703 1055 749 1117 1313
768 1055 888 1128 similia,
912 1073 983 1136 quae
1007 1056 1129 1135 praediou

167 1162 182 1199 «
191 1186 193 1190 .
202 1142 277 1202 sieut
289 1141 424 1222 praediri,
438 1143 583 1224 quoniam
595 1144 648 1225 qui
664 1144 734 1206 talia
747 1147 853 1224 agunt,
869 1162 1001 1224 regnum
1012 1145 1065 1204 Dei
1076 1161 1128 1204 noo

167 1252 182 1288 a
202 1237 436 1310 consequentur.
459 1253 474 1288 3
499 1232 614 1303 Quibus
626 1232 726 1294 verbis
740 1238 821 1313 patet
830 1232 943 1308 molles,
960 1231 1128 1303 immundos,

164 1319 325 1399 impudicos
345 1319 551 1382 excludendos
578 1338 644 1381 esse
670 1340 686 1382 3
712 1339 807 1400 regno
835 1320 1003 1395 culorum3
1020 1320 1130 1400 sedper

164 1407 282 1479 molles,
297 1407 483 1481 immundos,
498 1408 669 1488 impudicus
684 1409 812 1489 intelligi
827 1414 996 1490 nequeunt,
1014 1409 1071 1479 3131
1085 1407 1129 1489 qui

164 1512 196 1556 se
209 1496 398 1574 culpabiliter
414 1496 565 1577 33113331.
581 1499 662 1578 Ergo
676 1497 830 1572 mollities,
854 1516 908 1559 seu
929 1498 1060 1578 pollutio
1073 1495 1130 1558 cul-

165 1583 307 1662 pabiliter
321 1583 424 1661 volita,
441 1590 486 1645 est
499 1603 589 1665 grave
601 1588 772 1666 peecatum,
788 1587 851 1647 imo
863 1592 893 1646 et
913 1587 1130 1666 grauissimum,

163 1688 235 1731 cum
249 1679 467 1733 annumeretur
483 1672 561 1733 inter
575 1673 632 1734 alia
647 1673 834 1752 gravissima,
849 1679 940 1753 prout
966 1680 1039 1734 sunt
1059 1677 1131 1734 certe

164 1757 336 1833 fornicatio,
352 1758 547 1835 adulterium,
562 1760 699 1823 sodomia
711 1768 739 1822 31
753 1760 922 1823 idololatria
934 1764 958 1820 ¹.

204 1857 290 1917 Ratio
301 1874 356 1920 cur
369 1856 495 1938 pollutio
503 1859 541 1919 sit
553 1866 658 1920 eontra
667 1861 717 1939 jus
728 1859 866 1920 naturate
876 1864 922 1919 331
935 1857 1020 1938 quod
1031 1873 1128 1918 semen

164 1946 195 2006 in
210 1952 311 2006 mente
322 1946 470 2007 Creatoris
490 1947 527 2007 ad
549 1947 790 2026 procreationem
813 1953 844 2006 31
872 1946 1129 2007 conservationem

163 2034 274 2114 speciei
288 2034 429 2099 bumanae
444 2035 534 2096 133311
544 2035 748 2096 destinatum:
765 2034 848 2095 unde
863 2051 955 2096 nemo
980 2041 1065 2094 extra
1092 2032 1131 2092 te

164 2122 304 2201 gitimum
317 2122 526 2193 concubitum,
542 2122 581 2184 de
595 2140 632 2183 eo
649 2130 747 2202 potest
760 2121 926 2202 disponere
940 2121 1035 2181 etiam
1057 2118 1130 2180 3331·

164 2212 232 2272 tatis
244 2219 296 2273 aut
308 2212 376 2273 vitae
390 2213 606 2273 conservandae
631 2230 733 2273 causa.
758 2213 819 2271 Nec
847 2210 925 2271 vaiet
951 2207 1132 2288 comparatio

163 2298 612 2379 333331313133113,33133331
629 2300 749 2361 sudoris
767 2317 783 2358 a
804 2296 982 2359 Caramuele
997 2296 1130 2358 adducta:

164 2388 234 2468 quia
249 2387 423 2469 13313313οά1
438 2389 583 2450 humores
606 2405 667 2449 non
695 2395 764 2449 suut
794 2387 830 2446 ad
858 2386 970 2465 speciei
996 2384 1133 2446 humane

165 2481 408 2557 procreationem
422 2476 561 2538 destinati
573 2484 665 2557 prout
672 2482 718 2537 est
727 2493 847 2544 semem
872 2481 902 2533 31
914 2475 1042 2552 insuper
1057 2470 1132 2549 ejici·

166 2565 381 2645 unturabsque
393 2565 562 2645 voluptate;
580 2564 654 2625 dum
665 2570 786 2625 econtra
801 2563 876 2624 adeo
902 2563 1071 2623 vehemens
1096 2567 1132 2620 est

163 2651 324 2714 delectatio
349 2653 381 2714 in
402 2654 580 2732 pollutione,
605 2660 638 2714 ut
662 2652 802 2713 homiues
817 2651 957 2731 passione
982 2647 1155 2737 excaecati·

165 2738 449 2821 311311331133333113
466 2740 682 2822 persuaderent
693 2739 806 2802 habere
820 2757 854 2801 se
875 2741 989 2818 justam
1013 2752 1131 2800 causam

166 2828 299 2889 irritandi
316 2846 421 2889 semen
436 2837 518 2890 33133
533 2828 671 2891 debitum
683 2828 893 2901 concubitum,
914 2826 1084 2911 siquando
1109 2821 1132 2884 id

196 3071 218 3121 1.
238 3069 309 3130 Quod
326 3069 430 3136 pollutio
447 3068 480 3119 sit
491 3068 516 3119 in
534 3083 562 3119 33
582 3068 656 3130 mala,
676 3068 750 3119 etiam
768 3065 928 3132 agentilibus
950 3064 998 3114 1311
1019 3063 1133 3131 agnitum.

166 3141 219 3207 1333
228 3140 347 3195 Martialis
359 3146 432 3206 33313
440 3155 561 3207 paganus,
572 3140 650 3206 Epist.
664 3138 703 3200 ta,
717 3138 753 3190 sic
763 3137 893 3205 quemdam
906 3135 1039 3186 Ponticum
1053 3136 1134 3186 admo-

166 3219 218 3263 net:
233 3232 243 3261 o
256 3213 335 3278 133333
348 3213 422 3263 ereda
433 3218 545 3262 naturam
557 3210 641 3262 dicere
652 3226 753 3261 rerum:
767 3209 834 3260 istud
847 3209 915 3274 quod
927 3208 1020 3273 digitis,
1028 3205 1132 3262 Pontica,

74 3281 76 3284 ’
165 3284 257 3350 perdis,
271 3284 346 3334 bomo
359 3287 425 3333 est.»

198 3364 248 3413 Etsi
270 3362 442 3427 gravissimum
469 3367 598 3427 peecatum
614 3360 647 3411 sit
664 3360 769 3426 pollutio
782 3360 807 3410 in
823 3372 914 3424 genere
939 3358 1054 3420 luxurie,
1067 3354 1131 3408 et'ric

165 3438 262 3500 gravius
270 3435 342 3485 etiam
358 3434 802 3498 33131133133313333113313,31133333
815 3431 917 3482 33113113
938 3436 1052 3496 respectu
1068 3428 1133 3480 adul·

165 3507 255 3557 terium
267 3512 306 3557 est
324 3509 554 3572 33133333331333,
573 3505 669 3555 ratione
682 3519 770 3570 nempe
792 3502 929 3569 injustitia,
948 3508 973 3552 31
984 3501 1132 3566 sacrilegium

166 3583 204 3627 est
219 3577 312 3640 pariter
327 3577 408 3642 majus
418 3576 515 3626 ratione
537 3575 697 3640 irreligionis.
718 3576 840 3627 Ceterum
853 3573 968 3627 infimum
978 3573 1063 3625 locum
1074 3572 1133 3623 13331

165 3647 346 3711 3311311313133
364 3652 467 3712 3333313
483 3646 589 3697 luxurie
612 3652 698 3697 eontra
725 3652 838 3696 naturam
859 3643 1004 3697 commissa.
1018 3643 1130 3710 (uittam.

168 3719 232 3791 11133.
245 3719 269 3780 6,
281 3723 328 3768 art.
340 3717 366 3780 9,
380 3717 440 3768 Dico
450 3715 477 3764 tr
489 3717 567 3778 31111.)
