2362 4094
166 136 205 198 91
487 146 526 194 un
547 146 640 195 nasus
659 147 811 195 vsnnnms.

167 266 266 338 tionis,
282 283 334 326 sau
346 264 547 338 contritionis,
561 265 633 345 quia
658 283 712 344 per
730 265 903 345 hujusmodi
918 267 1011 346 signa
1036 266 1159 328 tollitur

166 354 300 434 suspicio
310 354 349 413 de
364 353 594 432 indispositione
605 354 789 432 poenitentis.
806 357 899 416 Porro
908 374 963 435 per
977 354 1159 429 extraordi-

168 442 253 502 naria
267 441 317 501 illa
337 442 422 521 signa
437 459 499 502 nou
515 440 693 521 intelligitur
706 442 830 521 aliquod
850 444 959 524 iugens
973 451 1007 504 et
1021 443 1158 504 omniuo

167 530 336 602 insolitum,
351 529 403 590 sed
419 529 449 591 id
464 536 582 590 tantum
602 529 684 609 quod
694 529 822 591 sufficiat
835 531 872 591 ad
899 532 1160 594 convincendum

167 618 387 683 confessarium
419 616 458 678 de
483 617 603 679 sincera
636 618 809 696 poenitentis
840 620 995 680 voluntate
1024 627 1160 700 peccatu

166 706 371 777 renuntiandi.
405 704 533 777 Quando
553 707 635 765 enirn
656 704 831 767 admonitus
854 725 941 768 asuo
960 708 1159 770 confessario

166 795 275 859 ecdem
290 794 382 855 modo
395 793 552 866 relabitur,
576 792 663 853 nullo
676 793 809 854 adhibito
827 803 933 856 conatu
947 806 975 856 et
989 792 1082 857 nullo
1105 799 1159 858 irn-

162 883 290 965 pletoec
301 882 405 944 mediis
418 901 438 942 o
455 882 632 962 confessario
644 883 841 963 praescriptis,
858 884 923 944 sola
947 885 1046 964 ipsius
1067 886 1158 947 affir-

168 972 261 1033 matio
284 970 367 1052 quod
390 972 508 1032 sincere
529 970 632 1031 doleat
656 968 694 1030 de
709 970 771 1031 suis
796 973 927 1050 peccatis
949 991 1015 1034 non
1033 975 1160 1037 videtur

168 1060 304 1122 sufficcrc
318 1059 357 1120 ad
370 1057 613 1137 convincendum
627 1057 666 1119 dc
681 1077 719 1118 co
732 1059 816 1139 quod
830 1061 990 1135 asseritur,
1017 1064 1072 1124 sed
1091 1064 1159 1126 lraec

167 1149 292 1210 assertio
303 1147 492 1210 corroborari
505 1145 595 1207 debet
609 1146 713 1226 aliquo
727 1146 786 1207 alio
799 1149 881 1228 qnod
892 1155 1001 1210 natum
1015 1153 1052 1210 sit
1067 1152 1159 1213 dissi-

168 1238 324 1318 parcjusta
333 1236 442 1297 motiva
451 1253 519 1316 quae
530 1233 739 1315 ipsiusagcndi
751 1233 826 1296 ratio
837 1237 1158 1320 praebuitsuspicandi

168 1324 208 1385 de
220 1326 282 1386 suis
295 1321 553 1403 dispositionibus,
568 1321 621 1384 sed
632 1322 715 1384 hoca
729 1321 876 1403 theologis
885 1320 1005 1404 sr'pnur'n
1016 1338 1158 1390 extraor-

169 1411 497 1486 dinariumvocatur¹.
989 1406 992 1410 ’

211 1505 279 1562 171.
292 1500 384 1580 Signa
399 1498 560 1561 autemilla
574 1499 824 1575 extraordinaria,
833 1501 917 1579 iuxta
929 1501 1046 1582 pluma,
1060 1513 1155 1570 sunt:

172 1595 203 1651 1ο
216 1588 304 1650 dolor
318 1587 483 1667 patefactus
501 1588 727 1669 perlacrymas,
744 1589 883 1669 suspiria,
912 1601 986 1666 etc,
1012 1597 1160 1676 quamvis

173 1697 235 1739 non
256 1694 376 1757 semper
403 1677 441 1738 sit
464 1675 608 1756 lacrymis
623 1675 796 1747 fidendum
818 1682 861 1739 2⁰·
876 1680 979 1742 minor
1005 1699 1160 1747 numerus

172 1773 366 1848 pcccatorum
392 1765 459 1826 licet
476 1764 627 1846 poenitens
649 1765 740 1827 luerit
759 1766 793 1826 in
814 1765 920 1829 iisdem
936 1772 1159 1836 occasionibus

172 1862 224 1918 aut
234 1853 459 1927 tentationibus,
474 1858 527 1914 aut
536 1855 561 1913 si
576 1853 726 1934 poeuitens
741 1860 808 1935 post
821 1856 959 1918 ultimam
980 1859 1158 1923 contessio-

174 1961 266 2017 nem,
280 1942 334 2004 diu
344 1957 377 2004 sc
390 1941 587 2016 continuerit,
602 1962 630 2004 v.
641 1962 671 2023 g.
685 1961 740 2024 per
753 1943 859 2024 viginti
869 1952 919 2006 aut
929 1947 1055 2025 triginta
1074 1951 1158 2025 dies,

173 2050 245 2094 cum
259 2040 347 2092 antea
359 2030 499 2093 assuctus
513 2028 610 2091 lucrat
625 2030 741 2110 prolabi
757 2031 871 2110 pluries
895 2033 926 2094 in
945 2033 1157 2099 bebdomada.

172 2129 225 2184 aut
247 2121 271 2181 si
284 2120 419 2199 relapsus
441 2116 531 2180 luerit
546 2126 617 2198 post
640 2136 787 2199 magnum
808 2120 1005 2198 conflictum3
1030 2127 1064 2184 3⁰
1089 2135 1158 2189 stu-

172 2211 258 2272 dium
285 2207 456 2271 adhibitum
476 2204 515 2267 ad
528 2222 561 2267 sc
580 2206 869 2287 emendandumsi
896 2229 1009 2292 nempe
1032 2231 1156 2292 procas⁴

205 2434 228 2483 l.
245 2422 323 2482 Nubis
332 2445 392 2495 ergo
406 2441 455 2478 non
467 2428 566 2481 videtur
577 2429 739 2489 admittenda,
754 2428 802 2478 nisi
813 2429 948 2495 suppositis
960 2431 1041 2495 signis
1054 2433 1085 2483 de
1095 2434 1158 2500 qni-

174 2503 221 2554 bus
243 2503 283 2554 bic
296 2501 432 2568 loquimur,
456 2499 550 2553 decisio
571 2502 648 2551 relata
671 2499 736 2563 apud
760 2500 843 2553 flacus
863 2501 907 2551 des
927 2503 1037 2554 taraces
1061 2507 1100 2563 (οῦ
1128 2507 1159 2555 90

173 2581 233 2626 tom.
247 2575 286 2634 15,
297 2590 321 2639 p.
332 2572 387 2633 stt,
403 2572 535 2624 l'roirie'mc
546 2576 607 2634 corn
615 2570 718 2635 hacque
730 2569 833 2634 decisio,
843 2571 956 2622 terminis
968 2573 1062 2637 quibus
1070 2577 1160 2641 expri-

175 2645 259 2704 mitur,
272 2660 323 2696 non
346 2643 448 2694 omnino
463 2643 535 2693 nobis
551 2643 632 2708 placat
645 2656 651 2692 t
665 2656 696 2692 ex
707 2641 746 2691 bis
758 2642 825 2692 euim
845 2642 916 2693 laoile
942 2643 1030 2694 induci
1053 2654 1159 2710 possent

172 2717 275 2767 incaute
296 2715 408 2780 legentes
419 2714 444 2764 in
468 2728 576 2764 errorem
598 2713 628 2763 ab
641 2712 727 2762 lnuoc.
739 2711 771 2762 xl
790 2713 930 2763 damnatam
953 2713 978 2763 in
1003 2716 1081 2773 mado
1093 2732 1159 2780 prrs-

173 2788 265 2838 inserta
279 2783 447 2851 propositione
457 2784 496 2835 60.
520 2782 562 2833 Sic
576 2784 641 2834 enim
657 2797 683 2833 sc
694 2781 770 2834 habet
782 2783 876 2834 decisio
898 2784 928 2834 de
940 2799 989 2849 qua
1004 2785 1156 2850 loquimur:

176 2878 187 2907 r
209 2857 341 2910 Troisidmc
355 2870 406 2907 aar.
418 2855 457 2907 Uu
476 2855 622 2906 conlasseur
634 2861 665 2904 tie
676 2853 759 2903 refuso
769 2853 857 2918 jamnis
868 2853 1032 2906 l'absolution
1046 2871 1096 2907 aux
1108 2861 1157 2924 pe·

154 2952 157 2958 Α
176 2951 186 2979 r
207 2930 295 2981 cheurs
317 2929 360 2995 qui
371 2927 521 2983 s’adrsssent
533 2925 546 2976 ir
559 2926 603 2985 lui,
617 2939 713 2989 pourvu
727 2924 801 2989 qu‘ils
824 2924 948 2974 affirmant
968 2927 999 2976 de
1014 2926 1066 2977 bon
1085 2944 1157 2981 coeur

177 3022 187 3048 a
206 3001 278 3067 qu'ils
290 3001 364 3052 outla
379 2997 513 3059 contritiou
530 2997 627 3047 siccare
640 2997 671 3046 de
690 2995 758 3045 leurs
770 2995 850 3046 lautas
858 3013 865 3057 ;
881 2995 899 3044 il
912 2995 964 3060 agit
976 2995 1008 3046 de
1020 3005 1089 3051 cette
1098 3015 1156 3055 ma-

177 3091 187 3119 r
206 3073 275 3123 nibre
294 3079 319 3122 et
334 3085 361 3121 se
381 3069 459 3134 garde
482 3066 588 3118 d'tlever
599 3066 643 3117 das
658 3066 747 3116 dautes
758 3080 802 3116 sur
815 3063 838 3115 la
850 3065 935 3116 rdalitd
952 3065 984 3117 da
1008 3075 1076 3120 cette
1091 3085 1156 3122 con-

177 3163 186 3191 r
206 3144 298 3204 trition,
312 3158 356 3207 par
377 3142 399 3190 la
415 3141 495 3191 raison
518 3138 600 3204 quale
622 3135 733 3201 ptuitent
753 3143 791 3186 cst
809 3136 833 3186 le
853 3135 965 3186 meilleur
988 3137 1087 3190 tdmoin
1110 3143 1155 3193 des

176 3234 187 3262 a
206 3213 365 3281 dispositicus
378 3212 409 3261 de
420 3226 447 3261 sa
458 3210 613 3260 conscience.
625 3225 635 3253 u
647 3206 699 3257 Sed
712 3206 759 3257 etsi
779 3204 901 3272 poenitens
913 3207 946 3256 alt
967 3209 1080 3272 optimus
1093 3228 1154 3278 pro-

174 3288 282 3352 priarum
305 3283 496 3349 dispositionum
509 3280 588 3340 testis,
603 3284 785 3344 potesttamen,
801 3279 869 3343 quod
883 3293 933 3329 non
947 3292 1004 3329 raro
1019 3285 1152 3350 contingit,
1177 3330 1178 3345 ,

173 3360 222 3409 sibi
233 3360 318 3409 lucum
343 3358 439 3416 l'acere;
466 3367 516 3402 nun
531 3365 590 3416 ergo
603 3348 779 3409 confessarius,
792 3348 845 3413 qui,
857 3347 913 3413 jure
925 3349 1010 3400 divino
1024 3361 1063 3401 est
1077 3355 1153 3419 judex
1177 3360 1178 3399 l

174 3430 317 3481 carumdem
341 3424 542 3491 dispositionum,
556 3427 654 3471 tenetur
674 3419 723 3484 ipsi
735 3432 833 3483 semper
856 3419 967 3478 credere,
983 3422 1028 3470 sed
1051 3424 1083 3473 ad
1106 3425 1152 3476 boc
1177 3404 1178 3487 l

173 3501 308 3566 aliquando
329 3496 425 3561 indiget
442 3494 490 3546 alio
503 3491 605 3553 motivo,
620 3490 685 3541 ultra
708 3488 786 3555 ipsius
808 3488 892 3551 rerba,
916 3490 998 3540 eidem
1019 3497 1152 3557 praestandi
1177 3494 1178 3537 l

174 3573 259 3623 fidem,
272 3572 307 3621 lle
327 3569 366 3618 his
377 3568 434 3618 ride
453 3567 535 3619 uuor
544 3564 586 3614 des
604 3563 717 3621 cotnra,
734 3569 761 3610 nr
774 3559 812 3621 13,
826 3565 844 3610 t.
859 3559 899 3621 13,
914 3574 938 3626 p.
950 3561 989 3622 19,
1009 3569 1069 3625 etc.;
1083 3577 1112 3616 n⁰
1123 3567 1153 3617 'lt

176 3649 193 3693 t.
207 3643 246 3704 13,
260 3657 284 3708 p.
297 3639 353 3700 180,
363 3644 423 3699 atc.;
436 3648 463 3687 n⁰
472 3636 504 3686 'it
516 3640 535 3686 t.
549 3634 589 3695 13,
602 3648 629 3698 p.
640 3630 696 3693 illl,
709 3637 756 3683 etc.
950 3644 954 3649 ·
