2378 4102
172 183 231 239 434
480 193 573 238 runnu
596 183 831 248 scrutabamur.

207 324 353 382 caramuel.
373 324 561 380 Contendebat
578 325 787 381 fornicationem
806 341 840 382 00
858 325 1035 399 pollutionem
1046 325 1134 380 adrer-

173 405 226 461 sari
237 411 344 460 tantum
355 404 412 477 juri
427 404 546 476 positivo
557 419 612 460 non
624 420 690 461 vero
705 404 833 474 naturali,
851 408 896 472 27,
908 408 970 460 453.

209 519 331 577 Guutitur.
352 519 423 588 Quid
441 519 478 576 sit
496 526 522 574 et
537 519 610 575 unde
622 519 765 576 derivetur
780 520 842 576 haec
864 536 933 583 vox,
949 524 974 577 3.
993 518 1134 591 Quotupler
1156 502 1173 596 '¹

174 600 253 669 sit‚8.
270 603 311 655 An
322 605 351 654 et
366 605 503 670 quatenus
515 598 587 654 inter
600 615 630 655 00
639 598 796 671 discrepent
807 599 921 655 castitas
933 607 960 655 et
970 599 1102 671 pudicitia,
1112 600 1133 650 tt.

172 681 213 735 De
226 677 346 750 peccatis
356 677 477 733 castitati
488 677 633 750 oppositis,
645 680 690 747 24,
702 686 756 735 etc.

206 791 344 848 (lustratio.
357 793 474 849 Peccant
490 799 620 864 parentas
629 794 677 865 qui
686 793 757 850 tilios
766 801 969 863 suoscastrant,
980 795 1040 848 344.

207 880 374 963 decurionum
391 908 421 962 V.
437 905 583 978 Opc'rution.

208 1018 321 1076 Cboreoe.
334 1021 364 1077 V.
380 1018 546 1077 Saltutiones.

206 1133 315 1190 Clerici.
332 1135 366 1193 V.
376 1133 580 1192 concubinam.

207 1248 379 1309 6040444040.
399 1248 515 1305 Ratione
527 1247 612 1303 debiti
633 1245 786 1319 conjugalis
799 1245 833 1301 ad
852 1244 1064 1301 cohabitandum
1076 1257 1135 1298 con·
1172 1292 1173 1295 ,

170 1332 252 1402 juges
265 1330 480 1399 tenentnnato.
1172 1338 1173 1349 ¹

209 1432 308 1490 dcitur.
329 1433 397 1490 Cum
415 1432 656 1500 leminamortua,
676 1431 738 1486 tet.
753 1428 851 1485 llodus
874 1429 1006 1485 naturalis
1023 1425 1134 1493 0000044,

174 1516 236 1569 476.
260 1515 293 1570 V.
317 1511 434 1585 Debitum
458 1518 487 1567 et
504 1509 595 1567 094400.
617 1513 662 1566 An
679 1509 763 1565 liceat
781 1508 859 1564 coire
877 1508 976 1565 diebus
997 1508 1097 1565 festivis
1113 1511 1135 1560 et

173 1599 298 1665 tempora
309 1591 504 1665 poenitentiali,
518 1592 579 1647 484.
622 1642 627 1650 .

210 1697 378 1773 Colloquium.
405 1701 448 1753 An
469 1698 584 1770 pollutio
599 1703 659 1752 orta
671 1712 705 1752 ex
723 1696 859 1768 colloquio
873 1710 928 1750 non
939 1694 1068 1751 diuturno
1078 1708 1132 1749 000

174 1779 263 1852 puella
278 1779 314 1861 sit
324 1785 468 1851 paccatum
483 1777 607 1845 mortale,
621 1779 665 1831 35.

210 1885 355 1943 Couoediae.
373 1889 403 1943 V.
430 1885 506 1942 Liber
520 1886 654 1942 obscoenus
668 1893 696 1943 04
708 1886 865 1959 spectaculo.
885 1890 927 1943 An
944 1885 1059 1943 comoedi
1080 1895 1133 1955 pos·

174 1966 231 2021 sint
245 1966 359 2036 absolvi,
376 1968 437 2021 440.
455 1970 497 2022 An
512 1967 568 2022 sint
582 1966 820 2037 excommunicati,
838 1969 899 2022 440.

211 2081 338 2155 Cumplcu.
358 2082 389 2138 V.
401 2082 599 2139 confessarius,

211 2190 414 2248 Concubinutur.
435 2189 508 2259 Quid
522 2190 567 2258 sit,
580 2192 624 2245 47.
647 2194 690 2245 An
709 2191 746 2245 sit
761 2190 969 2245 circumstantia
989 2189 1018 2243 in
1040 2185 1131 2243 000400-

175 2272 252 2326 04000
265 2270 420 2326 0000000040
431 2268 593 2325 declaranda
614 2269 648 2324 ad
675 2268 852 2326 obtinendam
878 2269 1083 2334 absolutionem,
1097 2264 1130 2317 44.

174 2353 216 2405 An
232 2349 337 2405 absolvi
359 2350 446 2422 possit
460 2349 672 2405 concubinarius
690 2351 786 2405 nolens
799 2348 982 2404 concubinam
1003 2347 1102 2418 ejicere,
1111 2346 1132 2396 et

174 2428 278 2502 quidsi
297 2431 325 2483 in
346 2428 476 2485 extremis
491 2429 628 2483 nemiuem
646 2428 746 2484 habeat
759 2428 806 2500 qui
819 2428 870 2483 sibi
885 2428 1032 2495 ministret,
1049 2427 1086 2480 48.
1099 2423 1132 2476 40
1171 2490 1172 2505 ¹

175 2515 204 2564 et
216 2517 352 2581 quatenus
372 2509 460 2580 possit
473 2507 577 2563 absolvi
597 2509 620 2563 si
641 2508 740 2583 ejicere
762 2508 916 2579 promittat,
941 2508 984 2561 49.
1004 2509 1045 2560 An
1064 2500 1132 2577 possit

175 2587 280 2646 absolvi
299 2588 346 2660 qni
361 2589 462 2659 passim
479 2587 595 2642 babetur
608 2588 684 2643 velut
698 2586 920 2652 concubinarius,
934 2585 999 2642 licet
1019 2584 1075 2640 talis
1091 2594 1132 2636 non

176 2682 270 2723 revera
284 2667 328 2733 044,
342 2669 386 2723 bb.
403 2670 444 2722 An
454 2675 483 2723 et
494 2674 629 2739 quatenus
638 2664 675 2721 sit'
688 2666 852 2722 absolvenda
865 2666 1019 2720 concubina
1033 2660 1132 2719 nondum

175 2745 295 2802 discessu
304 2754 332 2801 et
340 2761 357 2801 0
365 2747 561 2802 concubinarie
574 2753 735 2812 sustentata,
743 2748 787 2799 54.
800 2744 871 2813 Quid
881 2744 916 2800 de
927 2744 1076 2799 famulabus
1084 2754 1133 2795 000

175 2824 285 2880 domino
308 2824 495 2896 peccantibus,
512 2827 556 2879 54.
583 2829 624 2880 An
651 2824 813 2896 obligandus
833 2825 869 2879 sit
891 2815 1133 2879 concubinariusad

176 2904 339 2977 ejiciendam
360 2903 553 2972 concubinam,
579 2904 603 2959 04
623 2903 650 2958 id
669 2904 728 2961 fieri
750 2910 869 2975 nequeat
886 2903 946 2959 sine
964 2903 1039 2972 gravi
1053 2901 1132 2955 damno

175 2984 256 3040 iamae
269 2990 317 3039 aut
336 2984 464 3052 iortunae,
481 2986 525 3039 54.
545 2985 637 3040 Poenae
660 2990 756 3039 contra
770 2981 982 3038 concubinarios
1000 2981 1088 3044 104000,
1098 2980 1130 3031 53.

175 3063 277 3119 Contra
306 3063 517 3119 concubinarios
540 3062 673 3131 clericos,
706 3064 750 3117 54.
772 3062 873 3117 Contra
893 3060 1029 3134 parochos
1049 3073 1133 3115 concu—
1169 3126 1171 3137 ,

176 3142 316 3210 binarios,
341 3144 383 3197 55.
414 3145 456 3197 An
483 3142 575 3198 clerici
599 3141 786 3199 concubinarii
816 3140 872 3197 sint
904 3141 964 3212 ipso
991 3141 1060 3195 lacto
1085 3151 1133 3190 000·

177 3223 273 3295 pensi,
289 3225 333 3277 55.

214 3334 369 3392 concubina.
410 3337 439 3391 V.
477 3333 651 3391 Adulterium.
688 3335 780 3391 Poenae
811 3349 827 3389 0
850 3334 913 3406 jure
941 3333 1017 3390 civili
1043 3341 1133 3390 statuta
1170 3324 1171 3331 '

176 3423 273 3469 contra
287 3415 376 3469 virum
385 3415 432 3487 qui
442 3414 546 3470 detinet
565 3413 747 3470 concubinam
761 3414 789 3468 in
801 3413 882 3492 domo
894 3429 953 3483 sua,
965 3415 1009 3468 34.

214 3523 402 3592 Conferant-iun.
425 3529 518 3582 Potest
530 3526 626 3581 audire
647 3527 833 3583 confessiones
846 3536 874 3583 et
892 3527 983 3597 legere
1002 3543 1045 3583 ras
1064 3540 1132 3581 rena·

178 3614 239 3653 reas
256 3601 292 3653 ob
311 3617 387 3656 suam
411 3604 629 3673 instructionem,
646 3605 712 3661 licet
730 3605 881 3677 praevideat
901 3606 1075 3678 pollutionem
1097 3620 1132 3660 00

178 3681 317 3740 0040000,
338 3679 418 3733 modu
438 3681 490 3750 ipsi
512 3697 567 3737 non
581 3685 745 3751 consentiat,
758 3687 802 3738 33.
819 3685 1034 3741 circumstantia
1046 3683 1132 3745 sollici·
