2384 4138
182 179 221 236 44
507 188 545 232 ou
565 188 657 234 anuos
679 188 835 233 vanuanrs.

182 302 337 383 generales
353 301 469 375 saltem,
480 300 621 382 plectitur
633 301 828 364 adulterium.
847 302 924 363 Casu
938 305 1042 365 tamen
1065 317 1154 380 quoa

179 391 296 452 clericis
304 390 470 468 majoribus
479 390 637 468 ordinibus
647 391 771 452 initiatis
783 388 1155 471 perpetraretur-‚sichardo

178 498 246 558 cap.
269 483 322 553 13,
344 479 413 539 dist.
439 482 490 550 81,
512 488 652 553 erutum,
675 484 709 541 ut
735 479 897 550 videtuuu
918 477 1054 540 Concilio
1075 480 1153 540 Neo-

179 567 361 640 caesariensi‚
371 585 398 627 c.
417 571 430 627 1
451 585 458 626 :
474 566 513 627 Si
526 567 592 647 quis
604 566 773 648 Episcopus,
787 573 839 627 out
848 567 1014 648 presbyter,
1024 574 1077 626 out
1092 565 1154 626 diu-

179 654 508 735 66666666161666611
525 655 653 735 66661666
676 666 835 736 acceptum,
863 655 959 736 fuerit
975 654 1153 735 fornicatus,

178 751 229 805 661
252 759 430 816 audacrus,
457 742 629 824 deponatur,
646 753 675 804 ct
692 742 729 804 ab
748 742 888 806 Ecclesia
897 744 1058 825 proJ'ectus,
1083 745 1155 804 inter

180 832 355 912 1616666661
377 833 597 913 penitentium.

218 924 266 983 99.
282 925 314 982 91
327 921 431 992 Quoad
444 939 548 1000 666666
569 938 586 980 6
598 920 667 1001 jure
682 921 762 983 civili
774 926 878 982 contra
891 920 1046 985 adulteros
1059 921 1155 982 sanci-

179 1010 233 1081 tas,
248 1010 291 1071 sic
304 1009 394 1070 habet
410 1015 512 1070 noster
526 1009 626 1070 Codex
637 1008 785 1090 poenalis:

222 1102 314 1158 «Art.
334 1101 404 1159 336.
428 1096 600 1159 L'adultere
614 1097 652 1157 (16
674 1097 699 1158 16
714 1096 826 1160 fernme
841 1115 879 1158 66
894 1116 1005 1177 pourra
1020 1097 1085 1159 dtre
1103 1097 1153 1157 dd·

187 1209 201 1243 (
224 1187 321 1248 nonce
333 1205 393 1267 que
412 1204 467 1266 par
485 1184 515 1246 le
528 1185 602 1246 mari
611 1205 620 1259 3
645 1193 722 1247 cette
740 1185 852 1249 faculte
866 1189 968 1248 (66666
981 1203 1100 1250 cessura
1114 1184 1153 1246 s’il

184 1297 199 1332 a
220 1282 265 1335 est
279 1274 355 1335 (1666
369 1275 396 1336 16
414 1292 465 1335 666
480 1275 572 1353 66666
589 1293 644 1354 par
657 1274 733 1336 l’art.
747 1278 817 1337 339.
1176 1326 1177 1333 ,

223 1385 238 1420 «
259 1368 327 1425 337.
345 1364 385 1423 La
395 1361 506 1424 femme
520 1363 707 1425 convaincue
727 1362 892 1424 d'adullere
911 1362 1012 1426 suhira
1025 1363 1053 1423 16
1068 1362 1152 1443 66166

184 1474 199 1509 a
220 1451 533 1531 d'crnprisonnement
543 1451 677 1532 pendant
686 1443 766 1513 trois'
774 1452 851 1512 mois
863 1470 901 1512 au
916 1451 1067 1525 66616661
1080 1451 1152 1513 deux

185 1560 199 1595 r
221 1558 277 1600 666
290 1559 328 1601 66
344 1540 427 1621 6166.
445 1540 486 1602 Le
498 1539 729 1602 marireslerale
743 1542 849 1601 maltre
870 1539 1014 1603 d'arreler
1025 1538 1152 1601 l'elletde

183 1652 198 1686 «
220 1634 297 1690 celte
308 1628 588 1691 condemnationen
599 1631 804 1690 consentanta
816 1628 979 1710 reprendre
989 1632 1022 1697 66
1034 1628 1150 1691 lemme.

224 1741 239 1774 6
260 1717 330 1779 338.
348 1718 389 1778 Le
404 1718 552 1800 complice
566 1718 604 1779 de
624 1717 652 1778 16
667 1714 780 1778 femme
793 1717 927 1778 adnitere
942 1735 1008 1779 sera
1028 1718 1104 1797 poni
1119 1716 1151 1778 de

185 1829 200 1863 a
224 1805 524 1885 l'elnprisonnement
532 1805 668 1887 pendant
678 1804 706 1866 le
720 1806 820 1882 meme
831 1822 939 1885 espace
948 1804 986 1866 de
998 1811 1151 1886 lempset,

66 1938 69 1943 «
186 1917 201 1953 r
222 1911 261 1955 66
280 1900 383 1968 outre,
407 1894 501 1958 d'une
523 1892 654 1956 amende
674 1893 796 1955 decent
819 1892 919 1954 francs
939 1892 1053 1957 adeun
1078 1893 1153 1954 mille

185 2004 200 2040 ι(
221 1981 330 2043 francs.
353 1983 410 2044 Les
432 1983 532 2046 seules
555 1999 683 2062 preuves
701 1981 753 2062 qui
778 1987 927 2061 pourront
944 1982 1008 2043 etre
1029 1980 1153 2041 adnrises
1178 1978 1179 2027 l

185 2094 200 2129 r
220 2078 325 2132 contre
350 2071 379 2132 le
404 2071 538 2152 p‘reveuu
555 2071 592 2131 de
606 2069 779 2151 complicitd
802 2076 916 2147 seront‚
940 2076 1029 2131 outre
1052 2067 1152 2131 16116-

101 2189 111 2207 ·
185 2180 201 2217 (
221 2164 309 2238 grant
321 2158 404 2233 (16111,
426 2159 518 2222 661166
540 2159 687 2220 resultant
699 2157 738 2219 de
759 2157 860 2219 lettres
874 2176 915 2219 ou
933 2163 1037 2221 autres
1056 2157 1152 2238 piceas

189 2270 204 2305 a
225 2247 333 2309 euntes
346 2266 401 2329 par
414 2248 443 2309 le
458 2249 603 2327 pre'venu.

227 2357 242 2395 (ι
262 2340 331 2399 339.
356 2338 396 2398 Le
411 2337 487 2397 mari
500 2336 554 2417 qui
568 2354 643 2397 aura
653 2340 813 2397 entreleuu
828 2352 888 2396 une
898 2334 1072 2397 concubine
1083 2333 1152 2395 daos
1179 2328 1180 2343 ¹

187 2448 201 2483 u
224 2425 250 2485 la
269 2426 385 2487 maison
399 2424 574 2504 conjugale,
593 2423 689 2504 etqui
711 2441 784 2485 aura
800 2423 847 2484 ele
862 2423 1043 2497 convaincu,
1059 2440 1113 2483 sur
1128 2420 1151 2480 la

186 2536 202 2570 (ι
222 2512 334 2592 6161616
357 2512 395 2573 (16
415 2530 448 2573 sa
468 2511 581 2573 femme
602 2530 667 2574 sera
682 2512 755 2592 6661
774 2511 867 2573 d’uuc
881 2510 1011 2572 amende
1028 2511 1068 2572 de
1088 2513 1152 2571 cent

187 2623 202 2658 6
223 2599 351 2679 1666666
365 2601 445 2662 deux
459 2600 544 2661 mille
557 2599 670 2662 francs.
685 2621 701 2657 6

197 2777 202 2788 .
222 2692 271 2750 93.
296 2689 418 2789 Quaerit.
433 2680 464 2750 2⁶
479 2692 525 2749 dn
536 2707 574 2750 ex
585 2687 732 2783 adulterio
745 2687 839 2769 possit
851 2688 923 2749 oriri
937 2666 1082 2767 obligatio
1094 2704 1151 2748 res·

183 2778 767 2948 ιιι11196ῐὲ111.1011666666661661661166116
775 2863 1151 2927 restituendiexadulterio.

183 2955 350 3034 prasertim
378 2955 403 3016 si
430 2973 501 3017 cum
525 2959 648 3016 uxorata
674 2960 880 3035 perpetratum
906 2971 959 3033 per
983 2950 1151 3030 hujusmodi

182 3038 267 3104 enirn
284 3043 466 3104 adulterium
490 3042 649 3122 multiplex
669 3042 747 3102 solet
766 3041 870 3103 inferri
899 3041 1021 3120 injuria,
1049 3056 1152 3119 nempe

183 3149 244 3192 666
266 3130 367 3193 661666
384 3131 553 3193 violationis
573 3131 643 3191 lidei
664 3130 741 3190 datae
755 3129 879 3211 coniugi
893 3130 1049 3202 adulterae,
1071 3124 1154 3205 cujus'

182 3217 299 3280 adulter
310 3226 357 3281 est
366 3220 527 3301 particeps,
535 3218 588 3280 sed
601 3219 691 3280 etiam
703 3217 806 3279 damni
817 3218 1002 3299 temporalis,
1014 3236 1086 3280 casu
1097 3233 1152 3297 quo

183 3304 283 3385 proles
297 3308 430 3368 nascitur
446 3326 453 3366 :
471 3308 584 3388 quippe
595 3312 668 3368 tuno
681 3305 840 3386 illegitima
853 3324 925 3369 cum
944 3307 1086 3387 legitimis
1097 3305 1150 3366 ali-

182 3399 232 3454 tur
255 3395 355 3455 mariti
373 3396 523 3475 expensis,
547 3395 585 3455 ab
603 3394 668 3474 ipso
689 3394 820 3472 dotatur,
837 3395 863 3457 ei
884 3395 1029 3470 succedit,
1046 3402 1103 3456 etc.
1116 3424 1150 3438 -

183 3483 334 3552 Quaeritur
348 3502 421 3563 crgo
436 3487 586 3564 quatenus
609 3483 646 3542 iis
664 3483 809 3545 omnibus
831 3484 870 3544 sit
890 3478 1151 3545 satisfaciendum?

223 3573 273 3631 94.
297 3571 386 3651 Resp.
403 3571 554 3643 2⁰-Quoad
569 3571 713 3650 injuriam
726 3571 849 3653 conjugi
865 3571 981 3634 illatam
997 3590 1051 3652 per
1071 3568 1151 3631 viola·

183 3657 298 3719 tionem
322 3658 391 3720 fidei
407 3659 465 3739 ipsi
477 3659 565 3734 datae,
589 3659 663 3721 nihil
676 3659 703 3721 ei
727 3668 849 3741 propter
863 3658 1063 3725 hocdebetur
1087 3671 1151 3719 casu
