<?xml version="1.0" encoding="UTF-8"?>
<!DOCTYPE html PUBLIC "-//W3C//DTD XHTML 1.0 Transitional//EN"
    "http://www.w3.org/TR/xhtml1/DTD/xhtml1-transitional.dtd">
<html xmlns="http://www.w3.org/1999/xhtml" xml:lang="en" lang="en">
 <head>
  <title>
</title>
<meta http-equiv="Content-Type" content="text/html;charset=utf-8" />
  <meta name='ocr-system' content='tesseract 3.04.00' />
  <meta name='ocr-capabilities' content='ocr_page ocr_carea ocr_par ocr_line ocrx_word'/>
</head>
<body>
  <div class='ocr_page' id='page_1' title='image "./derebusvenereis00craigoog_0257.png"; bbox 0 0 2378 4102; ppageno 0'>
   <div class='ocr_carea' id='block_1_1' title="bbox 179 215 840 310">
    <p class='ocr_par' dir='ltr' id='par_1_1' title="bbox 179 215 840 310">
     <span class='ocr_line' id='line_1_1' title="bbox 179 215 840 310; baseline -0.006 -4"><span class='ocrx_word' id='word_1_1' title='bbox 179 249 241 308; x_wconf 83' lang='grc'>230</span> <span class='ocrx_word' id='word_1_2' title='bbox 489 259 583 304; x_wconf 80' lang='lat' dir='ltr'>runnu</span> <span class='ocrx_word' id='word_1_3' title='bbox 605 215 840 310; x_wconf 64' lang='lat' dir='ltr'>nnanrutrtoun.</span> 
     </span>
    </p>
   </div>
   <div class='ocr_carea' id='block_1_2' title="bbox 180 365 1147 515">
    <p class='ocr_par' dir='ltr' id='par_1_2' title="bbox 180 365 1147 515">
     <span class='ocr_line' id='line_1_2' title="bbox 180 365 1147 500; baseline -0.006 -78"><span class='ocrx_word' id='word_1_4' title='bbox 180 367 337 500; x_wconf 63' lang='lat' dir='ltr'>prpmbrane</span> <span class='ocrx_word' id='word_1_5' title='bbox 359 369 405 439; x_wconf 91' lang='lat' dir='ltr'>qui</span> <span class='ocrx_word' id='word_1_6' title='bbox 433 366 583 437; x_wconf 88' lang='lat' dir='ltr'>enveloppe</span> <span class='ocrx_word' id='word_1_7' title='bbox 603 365 714 421; x_wconf 84' lang='lat' dir='ltr'>l’enfant</span> <span class='ocrx_word' id='word_1_8' title='bbox 736 365 803 420; x_wconf 87' lang='lat' dir='ltr'>dans</span> <span class='ocrx_word' id='word_1_9' title='bbox 831 365 855 418; x_wconf 89' lang='lat' dir='ltr'>la</span> <span class='ocrx_word' id='word_1_10' title='bbox 881 365 1012 431; x_wconf 87' lang='lat' dir='ltr'>matrice,</span> <span class='ocrx_word' id='word_1_11' title='bbox 1037 369 1080 418; x_wconf 88' lang='lat' dir='ltr'>est</span> <span class='ocrx_word' id='word_1_12' title='bbox 1104 377 1147 422; x_wconf 84' lang='lat' dir='ltr'>ra·</span> 
     </span>
     <span class='ocr_line' id='line_1_3' title="bbox 191 447 327 515; baseline -0.007 -14"><span class='ocrx_word' id='word_1_13' title='bbox 191 447 199 501; x_wconf 95' lang='lat' dir='ltr'>i</span> <span class='ocrx_word' id='word_1_14' title='bbox 220 464 249 515; x_wconf 92' lang='lat' dir='ltr'>e,</span> <span class='ocrx_word' id='word_1_15' title='bbox 264 450 327 501; x_wconf 80' lang='lat'><strong>339.</strong></span> 
     </span>
    </p>
   </div>
   <div class='ocr_carea' id='block_1_3' title="bbox 180 546 1149 782">
    <p class='ocr_par' dir='ltr' id='par_1_3' title="bbox 180 546 1149 782">
     <span class='ocr_line' id='line_1_4' title="bbox 215 546 1149 624; baseline -0.01 -16"><span class='ocrx_word' id='word_1_16' title='bbox 215 552 396 608; x_wconf 67' lang='lat' dir='ltr'>mimorum.</span> <span class='ocrx_word' id='word_1_17' title='bbox 420 555 460 606; x_wconf 85' lang='lat' dir='ltr'>An</span> <span class='ocrx_word' id='word_1_18' title='bbox 475 552 612 607; x_wconf 69' lang='lat' dir='ltr'>&lt;litterata</span> <span class='ocrx_word' id='word_1_19' title='bbox 629 552 745 624; x_wconf 80' lang='lat' dir='ltr'>simplici</span> <span class='ocrx_word' id='word_1_20' title='bbox 765 550 946 606; x_wconf 78' lang='lat' dir='ltr'>fornicatione</span> <span class='ocrx_word' id='word_1_21' title='bbox 963 556 990 604; x_wconf 88' lang='lat' dir='ltr'>et</span> <span class='ocrx_word' id='word_1_22' title='bbox 1005 565 1038 604; x_wconf 86' lang='lat' dir='ltr'>an</span> <span class='ocrx_word' id='word_1_23' title='bbox 1051 549 1088 603; x_wconf 91' lang='lat' dir='ltr'>sit</span> <span class='ocrx_word' id='word_1_24' title='bbox 1101 546 1149 601; x_wconf 87' lang='lat' dir='ltr'>cir-</span> 
     </span>
     <span class='ocr_line' id='line_1_5' title="bbox 180 625 1148 701; baseline -0.009 -14"><span class='ocrx_word' id='word_1_25' title='bbox 180 634 344 688; x_wconf 86' lang='lat' dir='ltr'>cumstantia</span> <span class='ocrx_word' id='word_1_26' title='bbox 358 633 387 686; x_wconf 95' lang='lat' dir='ltr'>in</span> <span class='ocrx_word' id='word_1_27' title='bbox 402 631 574 687; x_wconf 86' lang='lat' dir='ltr'>confessione</span> <span class='ocrx_word' id='word_1_28' title='bbox 593 631 765 699; x_wconf 86' lang='lat' dir='ltr'>declaranda,</span> <span class='ocrx_word' id='word_1_29' title='bbox 779 633 822 684; x_wconf 85' lang='grc'>56.</span> <span class='ocrx_word' id='word_1_30' title='bbox 850 633 890 684; x_wconf 85' lang='lat' dir='ltr'>An</span> <span class='ocrx_word' id='word_1_31' title='bbox 916 628 1037 701; x_wconf 81' lang='lat' dir='ltr'>permitti</span> <span class='ocrx_word' id='word_1_32' title='bbox 1052 625 1148 700; x_wconf 85' lang='lat' dir='ltr'>possint</span> 
     </span>
     <span class='ocr_line' id='line_1_6' title="bbox 180 710 905 782; baseline -0.004 -16"><span class='ocrx_word' id='word_1_33' title='bbox 180 713 349 778; x_wconf 81' lang='lat' dir='ltr'>meretrices,</span> <span class='ocrx_word' id='word_1_34' title='bbox 361 718 390 766; x_wconf 93' lang='lat' dir='ltr'>et</span> <span class='ocrx_word' id='word_1_35' title='bbox 402 726 436 765; x_wconf 90' lang='lat' dir='ltr'>an</span> <span class='ocrx_word' id='word_1_36' title='bbox 446 711 515 782; x_wconf 89' lang='lat' dir='ltr'>ipsis</span> <span class='ocrx_word' id='word_1_37' title='bbox 533 710 613 765; x_wconf 87' lang='lat' dir='ltr'>liceat</span> <span class='ocrx_word' id='word_1_38' title='bbox 622 710 734 765; x_wconf 89' lang='lat' dir='ltr'>domum</span> <span class='ocrx_word' id='word_1_39' title='bbox 747 712 847 777; x_wconf 86' lang='lat' dir='ltr'>locare,</span> <span class='ocrx_word' id='word_1_40' title='bbox 861 711 905 768; x_wconf 81' lang='lat'><strong>57..</strong></span> 
     </span>
    </p>
   </div>
   <div class='ocr_carea' id='block_1_4' title="bbox 180 811 1147 968">
    <p class='ocr_par' dir='ltr' id='par_1_4' title="bbox 180 811 1147 968">
     <span class='ocr_line' id='line_1_7' title="bbox 215 811 1147 888; baseline -0.006 -15"><span class='ocrx_word' id='word_1_41' title='bbox 215 817 384 873; x_wconf 83' lang='lat' dir='ltr'>Mcmtruum.</span> <span class='ocrx_word' id='word_1_42' title='bbox 405 821 446 872; x_wconf 84' lang='lat' dir='ltr'>An</span> <span class='ocrx_word' id='word_1_43' title='bbox 467 817 548 872; x_wconf 89' lang='lat' dir='ltr'>liceat</span> <span class='ocrx_word' id='word_1_44' title='bbox 566 817 641 872; x_wconf 87' lang='lat' dir='ltr'>coire</span> <span class='ocrx_word' id='word_1_45' title='bbox 657 826 779 888; x_wconf 87' lang='lat' dir='ltr'>tempore</span> <span class='ocrx_word' id='word_1_46' title='bbox 798 817 947 881; x_wconf 87' lang='lat' dir='ltr'>menstrui,</span> <span class='ocrx_word' id='word_1_47' title='bbox 969 817 1028 870; x_wconf 81' lang='lat' dir='ltr'>ast.</span> <span class='ocrx_word' id='word_1_48' title='bbox 1052 811 1147 885; x_wconf 82' lang='lat' dir='ltr'>Duplex</span> 
     </span>
     <span class='ocr_line' id='line_1_8' title="bbox 180 898 498 968; baseline -0.013 -14"><span class='ocrx_word' id='word_1_49' title='bbox 180 914 267 968; x_wconf 82' lang='lat' dir='ltr'>genus</span> <span class='ocrx_word' id='word_1_50' title='bbox 280 898 425 967; x_wconf 87' lang='lat' dir='ltr'>menstrui,</span> <span class='ocrx_word' id='word_1_51' title='bbox 437 899 498 953; x_wconf 74' lang='lat' dir='ltr'>28l.</span> 
     </span>
    </p>
   </div>
   <div class='ocr_carea' id='block_1_5' title="bbox 180 994 1146 1154">
    <p class='ocr_par' dir='ltr' id='par_1_5' title="bbox 180 994 1146 1154">
     <span class='ocr_line' id='line_1_9' title="bbox 215 994 1146 1073; baseline -0.014 -13"><span class='ocrx_word' id='word_1_52' title='bbox 215 1003 308 1060; x_wconf 78' lang='lat' dir='ltr'>Metus.</span> <span class='ocrx_word' id='word_1_53' title='bbox 327 1007 369 1058; x_wconf 82' lang='lat' dir='ltr'>An</span> <span class='ocrx_word' id='word_1_54' title='bbox 384 1010 473 1058; x_wconf 90' lang='lat' dir='ltr'>metus</span> <span class='ocrx_word' id='word_1_55' title='bbox 487 1009 599 1058; x_wconf 83' lang='lat' dir='ltr'>excuset</span> <span class='ocrx_word' id='word_1_56' title='bbox 609 1002 781 1057; x_wconf 85' lang='lat' dir='ltr'>incestuosos</span> <span class='ocrx_word' id='word_1_57' title='bbox 794 1001 883 1073; x_wconf 87' lang='lat' dir='ltr'>quoad</span> <span class='ocrx_word' id='word_1_58' title='bbox 897 1000 1077 1072; x_wconf 85' lang='lat' dir='ltr'>privationem</span> <span class='ocrx_word' id='word_1_59' title='bbox 1085 994 1146 1068; x_wconf 86' lang='lat' dir='ltr'>juris</span> 
     </span>
     <span class='ocr_line' id='line_1_10' title="bbox 180 1082 516 1154; baseline -0.006 -17"><span class='ocrx_word' id='word_1_60' title='bbox 180 1083 304 1139; x_wconf 88' lang='lat' dir='ltr'>debitum</span> <span class='ocrx_word' id='word_1_61' title='bbox 319 1082 439 1154; x_wconf 84' lang='lat' dir='ltr'>petendi,</span> <span class='ocrx_word' id='word_1_62' title='bbox 455 1084 516 1137; x_wconf 69' lang='lat' dir='ltr'>tlt.</span> 
     </span>
    </p>
   </div>
   <div class='ocr_carea' id='block_1_6' title="bbox 181 1179 1146 1337">
    <p class='ocr_par' dir='ltr' id='par_1_6' title="bbox 181 1179 1146 1337">
     <span class='ocr_line' id='line_1_11' title="bbox 216 1179 1146 1259; baseline -0.011 -15"><span class='ocrx_word' id='word_1_63' title='bbox 216 1189 347 1244; x_wconf 78' lang='lat' dir='ltr'>Miuirtms</span> <span class='ocrx_word' id='word_1_64' title='bbox 369 1188 401 1244; x_wconf 83' lang='lat' dir='ltr'>dc</span> <span class='ocrx_word' id='word_1_65' title='bbox 421 1187 496 1243; x_wconf 78' lang='lat' dir='ltr'>culte.</span> <span class='ocrx_word' id='word_1_66' title='bbox 537 1188 631 1242; x_wconf 85' lang='lat' dir='ltr'>Peines</span> <span class='ocrx_word' id='word_1_67' title='bbox 657 1187 766 1259; x_wconf 73' lang='lat' dir='ltr'>portaes</span> <span class='ocrx_word' id='word_1_68' title='bbox 792 1195 888 1242; x_wconf 81' lang='lat' dir='ltr'>contre</span> <span class='ocrx_word' id='word_1_69' title='bbox 912 1202 964 1241; x_wconf 85' lang='lat' dir='ltr'>eux</span> <span class='ocrx_word' id='word_1_70' title='bbox 991 1200 1026 1240; x_wconf 88' lang='lat' dir='ltr'>en</span> <span class='ocrx_word' id='word_1_71' title='bbox 1051 1198 1096 1239; x_wconf 87' lang='lat' dir='ltr'>cas</span> <span class='ocrx_word' id='word_1_72' title='bbox 1118 1179 1146 1234; x_wconf 85' lang='lat' dir='ltr'>de</span> 
     </span>
     <span class='ocr_line' id='line_1_12' title="bbox 181 1271 703 1337; baseline -0.011 -12"><span class='ocrx_word' id='word_1_73' title='bbox 181 1271 254 1337; x_wconf 83' lang='lat' dir='ltr'>viol,</span> <span class='ocrx_word' id='word_1_74' title='bbox 275 1271 320 1322; x_wconf 89' lang='lat'>80.</span> <span class='ocrx_word' id='word_1_75' title='bbox 699 1284 703 1287; x_wconf 91' lang='lat'>·</span> 
     </span>
    </p>
   </div>
   <div class='ocr_carea' id='block_1_7' title="bbox 182 1362 1145 1632">
    <p class='ocr_par' dir='ltr' id='par_1_7' title="bbox 182 1362 1145 1632">
     <span class='ocr_line' id='line_1_13' title="bbox 216 1362 1145 1443; baseline -0.01 -15"><span class='ocrx_word' id='word_1_76' title='bbox 216 1372 303 1430; x_wconf 69' lang='lat' dir='ltr'>Molos.</span> <span class='ocrx_word' id='word_1_77' title='bbox 324 1373 360 1427; x_wconf 84' lang='lat' dir='ltr'>Ge</span> <span class='ocrx_word' id='word_1_78' title='bbox 380 1388 434 1443; x_wconf 92' lang='lat' dir='ltr'>que</span> <span class='ocrx_word' id='word_1_79' title='bbox 457 1371 534 1439; x_wconf 85' lang='lat' dir='ltr'>c’est,</span> <span class='ocrx_word' id='word_1_80' title='bbox 565 1379 600 1425; x_wconf 72' lang='lat' dir='ltr'>et·</span> <span class='ocrx_word' id='word_1_81' title='bbox 621 1378 759 1427; x_wconf 87' lang='lat' dir='ltr'>comment</span> <span class='ocrx_word' id='word_1_82' title='bbox 782 1387 816 1426; x_wconf 91' lang='lat' dir='ltr'>on</span> <span class='ocrx_word' id='word_1_83' title='bbox 843 1370 882 1425; x_wconf 90' lang='lat' dir='ltr'>les</span> <span class='ocrx_word' id='word_1_84' title='bbox 901 1362 1145 1439; x_wconf 79' lang='lat' dir='ltr'>distinguedeste-</span> 
     </span>
     <span class='ocr_line' id='line_1_14' title="bbox 182 1456 326 1520; baseline -0.021 -12"><span class='ocrx_word' id='word_1_85' title='bbox 182 1463 245 1520; x_wconf 73' lang='grc' dir='ltr'>ωε,</span> <span class='ocrx_word' id='word_1_86' title='bbox 265 1456 326 1507; x_wconf 86' lang='grc'>332.</span> 
     </span>
     <span class='ocr_line' id='line_1_15' title="bbox 216 1558 979 1632; baseline -0.003 -16"><span class='ocrx_word' id='word_1_87' title='bbox 216 1561 344 1626; x_wconf 71' lang='lat' dir='ltr'>Mollities.</span> <span class='ocrx_word' id='word_1_88' title='bbox 365 1562 413 1617; x_wconf 86' lang='lat' dir='ltr'>Est</span> <span class='ocrx_word' id='word_1_89' title='bbox 424 1563 487 1632; x_wconf 87' lang='lat' dir='ltr'>jure</span> <span class='ocrx_word' id='word_1_90' title='bbox 502 1562 618 1616; x_wconf 87' lang='lat' dir='ltr'>naturali</span> <span class='ocrx_word' id='word_1_91' title='bbox 642 1562 735 1627; x_wconf 86' lang='lat' dir='ltr'>vetita,</span> <span class='ocrx_word' id='word_1_92' title='bbox 752 1563 794 1614; x_wconf 88' lang='grc'>28.</span> <span class='ocrx_word' id='word_1_93' title='bbox 811 1561 842 1615; x_wconf 92' lang='lat' dir='ltr'>V.</span> <span class='ocrx_word' id='word_1_94' title='bbox 858 1558 979 1615; x_wconf 71' lang='lat' dir='ltr'>poturo.</span> 
     </span>
    </p>
   </div>
   <div class='ocr_carea' id='block_1_8' title="bbox 217 1666 682 1830">
    <p class='ocr_par' dir='ltr' id='par_1_8' title="bbox 217 1666 682 1830">
     <span class='ocr_line' id='line_1_16' title="bbox 217 1666 592 1739; baseline -0.005 -16"><span class='ocrx_word' id='word_1_95' title='bbox 217 1666 353 1723; x_wconf 68' lang='lat' dir='ltr'>Monstrum</span> <span class='ocrx_word' id='word_1_96' title='bbox 376 1669 443 1739; x_wconf 80' lang='lat' dir='ltr'>Voy.</span> <span class='ocrx_word' id='word_1_97' title='bbox 462 1667 592 1739; x_wconf 66' lang='lat' dir='ltr'>Bcptdmc.</span> 
     </span>
     <span class='ocr_line' id='line_1_17' title="bbox 217 1764 682 1830; baseline -0.006 0"><span class='ocrx_word' id='word_1_98' title='bbox 217 1772 320 1830; x_wconf 76' lang='lat' dir='ltr'>Morbus</span> <span class='ocrx_word' id='word_1_99' title='bbox 333 1771 460 1828; x_wconf 78' lang='lat' dir='ltr'>Gallicus.</span> <span class='ocrx_word' id='word_1_100' title='bbox 474 1774 504 1827; x_wconf 91' lang='lat' dir='ltr'>V.</span> <span class='ocrx_word' id='word_1_101' title='bbox 517 1771 645 1828; x_wconf 81' lang='lat' dir='ltr'>Gallicus.</span> <span class='ocrx_word' id='word_1_102' title='bbox 678 1764 682 1767; x_wconf 17' lang='grc' dir='ltr'><strong><em>Δ</em></strong></span> 
     </span>
    </p>
   </div>
   <div class='ocr_carea' id='block_1_9' title="bbox 217 1882 538 2045">
    <p class='ocr_par' dir='ltr' id='par_1_9' title="bbox 217 1882 538 2045">
     <span class='ocr_line' id='line_1_18' title="bbox 217 1882 538 1940; baseline -0.006 -1"><span class='ocrx_word' id='word_1_103' title='bbox 217 1883 325 1940; x_wconf 83' lang='lat' dir='ltr'>Momm.</span> <span class='ocrx_word' id='word_1_104' title='bbox 346 1885 378 1938; x_wconf 87' lang='lat' dir='ltr'>V.</span> <span class='ocrx_word' id='word_1_105' title='bbox 391 1882 538 1938; x_wconf 75' lang='lat' dir='ltr'>Delectatio.</span> 
     </span>
     <span class='ocr_line' id='line_1_19' title="bbox 218 1988 514 2045; baseline -0.01 -1"><span class='ocrx_word' id='word_1_106' title='bbox 218 1988 328 2044; x_wconf 85' lang='lat' dir='ltr'>Mortua.</span> <span class='ocrx_word' id='word_1_107' title='bbox 348 1991 378 2045; x_wconf 89' lang='lat' dir='ltr'>V.</span> <span class='ocrx_word' id='word_1_108' title='bbox 398 1988 514 2044; x_wconf 78' lang='lat' dir='ltr'>Femina.</span> 
     </span>
    </p>
   </div>
   <div class='ocr_carea' id='block_1_10' title="bbox 183 2098 1143 2247">
    <p class='ocr_par' dir='ltr' id='par_1_10' title="bbox 183 2098 1143 2247">
     <span class='ocr_line' id='line_1_20' title="bbox 218 2098 1143 2171; baseline -0.011 -16"><span class='ocrx_word' id='word_1_109' title='bbox 218 2099 345 2155; x_wconf 82' lang='lat' dir='ltr'>Mortuus.</span> <span class='ocrx_word' id='word_1_110' title='bbox 369 2100 429 2155; x_wconf 91' lang='lat' dir='ltr'>Non</span> <span class='ocrx_word' id='word_1_111' title='bbox 452 2098 513 2155; x_wconf 88' lang='lat' dir='ltr'>ideo</span> <span class='ocrx_word' id='word_1_112' title='bbox 528 2099 693 2171; x_wconf 87' lang='lat' dir='ltr'>impotentes</span> <span class='ocrx_word' id='word_1_113' title='bbox 714 2107 779 2154; x_wconf 86' lang='lat' dir='ltr'>sunt</span> <span class='ocrx_word' id='word_1_114' title='bbox 794 2099 921 2153; x_wconf 86' lang='lat' dir='ltr'>mulieres</span> <span class='ocrx_word' id='word_1_115' title='bbox 934 2098 998 2169; x_wconf 87' lang='lat' dir='ltr'>quia</span> <span class='ocrx_word' id='word_1_116' title='bbox 1018 2098 1086 2153; x_wconf 89' lang='lat' dir='ltr'>filios</span> <span class='ocrx_word' id='word_1_117' title='bbox 1099 2107 1143 2149; x_wconf 91' lang='lat' dir='ltr'>non</span> 
     </span>
     <span class='ocr_line' id='line_1_21' title="bbox 183 2179 556 2247; baseline -0.013 -10"><span class='ocrx_word' id='word_1_118' title='bbox 183 2181 269 2236; x_wconf 83' lang='lat' dir='ltr'>edunt</span> <span class='ocrx_word' id='word_1_119' title='bbox 281 2180 333 2234; x_wconf 87' lang='lat' dir='ltr'>nisi</span> <span class='ocrx_word' id='word_1_120' title='bbox 349 2186 481 2247; x_wconf 86' lang='lat' dir='ltr'>mortuos,</span> <span class='ocrx_word' id='word_1_121' title='bbox 494 2179 556 2234; x_wconf 79' lang='grc'>245.</span> 
     </span>
    </p>
   </div>
   <div class='ocr_carea' id='block_1_11' title="bbox 180 2283 1145 2917">
    <p class='ocr_par' dir='ltr' id='par_1_11' title="bbox 180 2283 1145 2917">
     <span class='ocr_line' id='line_1_22' title="bbox 218 2283 1144 2364; baseline -0.012 -17"><span class='ocrx_word' id='word_1_122' title='bbox 218 2292 321 2347; x_wconf 78' lang='lat' dir='ltr'>Mulier.</span> <span class='ocrx_word' id='word_1_123' title='bbox 343 2296 384 2346; x_wconf 82' lang='lat' dir='ltr'>An</span> <span class='ocrx_word' id='word_1_124' title='bbox 399 2300 494 2364; x_wconf 87' lang='lat' dir='ltr'>peccet</span> <span class='ocrx_word' id='word_1_125' title='bbox 508 2291 628 2361; x_wconf 83' lang='lat' dir='ltr'>graviter</span> <span class='ocrx_word' id='word_1_126' title='bbox 643 2307 696 2346; x_wconf 92' lang='lat' dir='ltr'>nen</span> <span class='ocrx_word' id='word_1_127' title='bbox 716 2293 846 2347; x_wconf 86' lang='lat' dir='ltr'>resistens</span> <span class='ocrx_word' id='word_1_128' title='bbox 862 2291 933 2362; x_wconf 87' lang='lat' dir='ltr'>turpi</span> <span class='ocrx_word' id='word_1_129' title='bbox 948 2288 1103 2361; x_wconf 83' lang='lat' dir='ltr'>congressui</span> <span class='ocrx_word' id='word_1_130' title='bbox 1116 2283 1144 2338; x_wconf 85' lang='lat' dir='ltr'>ob</span> 
     </span>
     <span class='ocr_line' id='line_1_23' title="bbox 185 2367 1143 2442; baseline -0.008 -15"><span class='ocrx_word' id='word_1_131' title='bbox 185 2379 287 2428; x_wconf 88' lang='lat' dir='ltr'>metum</span> <span class='ocrx_word' id='word_1_132' title='bbox 301 2370 527 2442; x_wconf 86' lang='lat' dir='ltr'>mortis,quando</span> <span class='ocrx_word' id='word_1_133' title='bbox 541 2371 565 2425; x_wconf 90' lang='lat' dir='ltr'>ei</span> <span class='ocrx_word' id='word_1_134' title='bbox 582 2386 636 2425; x_wconf 95' lang='lat' dir='ltr'>non</span> <span class='ocrx_word' id='word_1_135' title='bbox 651 2372 798 2438; x_wconf 85' lang='lat' dir='ltr'>consentit,</span> <span class='ocrx_word' id='word_1_136' title='bbox 816 2373 869 2424; x_wconf 74' lang='lat' dir='ltr'>to·</span> <span class='ocrx_word' id='word_1_137' title='bbox 881 2374 922 2425; x_wconf 81' lang='lat' dir='ltr'>An</span> <span class='ocrx_word' id='word_1_138' title='bbox 944 2386 1008 2424; x_wconf 73' lang='lat' dir='ltr'>casu</span> <span class='ocrx_word' id='word_1_139' title='bbox 1026 2385 1078 2441; x_wconf 89' lang='lat' dir='ltr'>qno</span> <span class='ocrx_word' id='word_1_140' title='bbox 1093 2367 1143 2422; x_wconf 86' lang='lat' dir='ltr'>rio-</span> 
     </span>
     <span class='ocr_line' id='line_1_24' title="bbox 180 2449 1145 2523; baseline -0.013 -14"><span class='ocrx_word' id='word_1_141' title='bbox 180 2451 447 2523; x_wconf 84' lang='lat' dir='ltr'>lenteropprimitur</span> <span class='ocrx_word' id='word_1_142' title='bbox 458 2450 544 2522; x_wconf 88' lang='lat' dir='ltr'>possit</span> <span class='ocrx_word' id='word_1_143' title='bbox 554 2466 647 2505; x_wconf 85' lang='lat' dir='ltr'>semen</span> <span class='ocrx_word' id='word_1_144' title='bbox 660 2450 769 2521; x_wconf 84' lang='lat' dir='ltr'>ejicere,</span> <span class='ocrx_word' id='word_1_145' title='bbox 784 2450 824 2505; x_wconf 90' lang='lat' dir='ltr'>vel</span> <span class='ocrx_word' id='word_1_146' title='bbox 839 2449 972 2521; x_wconf 88' lang='lat' dir='ltr'>impedire</span> <span class='ocrx_word' id='word_1_147' title='bbox 984 2467 1016 2503; x_wconf 92' lang='lat' dir='ltr'>ne</span> <span class='ocrx_word' id='word_1_148' title='bbox 1029 2450 1145 2503; x_wconf 81' lang='lat' dir='ltr'>intrares</span> 
     </span>
     <span class='ocr_line' id='line_1_25' title="bbox 186 2527 1142 2603; baseline -0.008 -18"><span class='ocrx_word' id='word_1_149' title='bbox 186 2532 343 2603; x_wconf 86' lang='lat' dir='ltr'>recipiatur,</span> <span class='ocrx_word' id='word_1_150' title='bbox 359 2533 399 2585; x_wconf 78' lang='lat' dir='ltr'>tt.</span> <span class='ocrx_word' id='word_1_151' title='bbox 418 2530 574 2601; x_wconf 91' lang='lat' dir='ltr'>Quotuplici</span> <span class='ocrx_word' id='word_1_152' title='bbox 590 2530 643 2585; x_wconf 88' lang='lat' dir='ltr'>fine</span> <span class='ocrx_word' id='word_1_153' title='bbox 657 2531 720 2602; x_wconf 85' lang='lat' dir='ltr'>quis</span> <span class='ocrx_word' id='word_1_154' title='bbox 732 2531 853 2586; x_wconf 84' lang='lat' dir='ltr'>vestibus</span> <span class='ocrx_word' id='word_1_155' title='bbox 867 2529 1007 2598; x_wconf 84' lang='lat' dir='ltr'>induatur,</span> <span class='ocrx_word' id='word_1_156' title='bbox 1020 2532 1080 2584; x_wconf 81' lang='grc'>229.</span> <span class='ocrx_word' id='word_1_157' title='bbox 1095 2527 1142 2581; x_wconf 90' lang='lat' dir='ltr'>Non</span> 
     </span>
     <span class='ocr_line' id='line_1_26' title="bbox 185 2606 1144 2683; baseline -0.008 -17"><span class='ocrx_word' id='word_1_158' title='bbox 185 2618 281 2683; x_wconf 87' lang='lat' dir='ltr'>peccat</span> <span class='ocrx_word' id='word_1_159' title='bbox 306 2610 403 2664; x_wconf 90' lang='lat' dir='ltr'>mulier</span> <span class='ocrx_word' id='word_1_160' title='bbox 417 2609 539 2664; x_wconf 82' lang='lat' dir='ltr'>ornando</span> <span class='ocrx_word' id='word_1_161' title='bbox 560 2625 590 2665; x_wconf 91' lang='lat' dir='ltr'>se</span> <span class='ocrx_word' id='word_1_162' title='bbox 607 2611 685 2681; x_wconf 81' lang='lat' dir='ltr'>juxta</span> <span class='ocrx_word' id='word_1_163' title='bbox 709 2610 894 2665; x_wconf 88' lang='lat' dir='ltr'>conditionem</span> <span class='ocrx_word' id='word_1_164' title='bbox 914 2618 944 2665; x_wconf 91' lang='lat' dir='ltr'>ut</span> <span class='ocrx_word' id='word_1_165' title='bbox 958 2610 1016 2665; x_wconf 87' lang='lat' dir='ltr'>viro</span> <span class='ocrx_word' id='word_1_166' title='bbox 1036 2624 1084 2663; x_wconf 89' lang='lat' dir='ltr'>suo</span> <span class='ocrx_word' id='word_1_167' title='bbox 1097 2606 1144 2679; x_wconf 90' lang='lat' dir='ltr'>pla-</span> 
     </span>
     <span class='ocr_line' id='line_1_27' title="bbox 185 2688 1142 2760; baseline 0.001 -14"><span class='ocrx_word' id='word_1_168' title='bbox 185 2698 254 2758; x_wconf 88' lang='lat' dir='ltr'>ceat,</span> <span class='ocrx_word' id='word_1_169' title='bbox 271 2692 332 2746; x_wconf 83' lang='grc'>230.</span> <span class='ocrx_word' id='word_1_170' title='bbox 360 2688 483 2757; x_wconf 78' lang='lat' dir='ltr'>Qualiter</span> <span class='ocrx_word' id='word_1_171' title='bbox 501 2698 595 2760; x_wconf 86' lang='lat' dir='ltr'>peccet</span> <span class='ocrx_word' id='word_1_172' title='bbox 613 2706 643 2745; x_wconf 85' lang='lat' dir='ltr'>sc</span> <span class='ocrx_word' id='word_1_173' title='bbox 663 2706 764 2746; x_wconf 88' lang='lat' dir='ltr'>ornans</span> <span class='ocrx_word' id='word_1_174' title='bbox 783 2697 859 2745; x_wconf 82' lang='lat' dir='ltr'>extra</span> <span class='ocrx_word' id='word_1_175' title='bbox 872 2705 949 2744; x_wconf 86' lang='lat' dir='ltr'>suem</span> <span class='ocrx_word' id='word_1_176' title='bbox 964 2689 1142 2746; x_wconf 85' lang='lat' dir='ltr'>conditionem</span> 
     </span>
     <span class='ocr_line' id='line_1_28' title="bbox 185 2768 1143 2841; baseline 0.001 -15"><span class='ocrx_word' id='word_1_177' title='bbox 185 2773 245 2827; x_wconf 75' lang='lat' dir='ltr'>ml.</span> <span class='ocrx_word' id='word_1_178' title='bbox 259 2769 344 2838; x_wconf 88' lang='lat' dir='ltr'>Quale</span> <span class='ocrx_word' id='word_1_179' title='bbox 356 2775 498 2840; x_wconf 88' lang='lat' dir='ltr'>peccatum</span> <span class='ocrx_word' id='word_1_180' title='bbox 510 2769 546 2824; x_wconf 91' lang='lat' dir='ltr'>sit</span> <span class='ocrx_word' id='word_1_181' title='bbox 558 2768 688 2825; x_wconf 86' lang='lat' dir='ltr'>adhibere</span> <span class='ocrx_word' id='word_1_182' title='bbox 703 2778 791 2826; x_wconf 83' lang='lat' dir='ltr'>vestes</span> <span class='ocrx_word' id='word_1_183' title='bbox 802 2769 885 2824; x_wconf 80' lang='lat' dir='ltr'>ubera</span> <span class='ocrx_word' id='word_1_184' title='bbox 895 2785 949 2824; x_wconf 91' lang='lat' dir='ltr'>non</span> <span class='ocrx_word' id='word_1_185' title='bbox 960 2770 1143 2841; x_wconf 70' lang='lat' dir='ltr'>cooperientes,</span> 
     </span>
     <span class='ocr_line' id='line_1_29' title="bbox 184 2847 946 2917; baseline -0.001 -14"><span class='ocrx_word' id='word_1_186' title='bbox 184 2851 245 2904; x_wconf 80' lang='grc'>233.</span> <span class='ocrx_word' id='word_1_187' title='bbox 264 2849 365 2904; x_wconf 80' lang='lat' dir='ltr'>Monita</span> <span class='ocrx_word' id='word_1_188' title='bbox 377 2847 415 2901; x_wconf 90' lang='lat' dir='ltr'>Pii</span> <span class='ocrx_word' id='word_1_189' title='bbox 431 2848 472 2902; x_wconf 83' lang='lat' dir='ltr'>tx</span> <span class='ocrx_word' id='word_1_190' title='bbox 483 2848 556 2903; x_wconf 89' lang='lat' dir='ltr'>circa</span> <span class='ocrx_word' id='word_1_191' title='bbox 567 2857 694 2904; x_wconf 88' lang='lat' dir='ltr'>ornatum</span> <span class='ocrx_word' id='word_1_192' title='bbox 714 2850 868 2917; x_wconf 88' lang='lat' dir='ltr'>mulierum,</span> <span class='ocrx_word' id='word_1_193' title='bbox 885 2850 946 2903; x_wconf 74' lang='grc'>234.</span> 
     </span>
    </p>
   </div>
   <div class='ocr_carea' id='block_1_12' title="bbox 659 3070 686 3118">
    <p class='ocr_par' dir='ltr' id='par_1_12' title="bbox 659 3070 686 3118">
     <span class='ocr_line' id='line_1_30' title="bbox 659 3070 686 3118; baseline 0 0"><span class='ocrx_word' id='word_1_194' title='bbox 659 3070 686 3118; x_wconf 81' lang='lat' dir='ltr'>N</span> 
     </span>
    </p>
   </div>
   <div class='ocr_carea' id='block_1_13' title="bbox 186 3205 1144 3469">
    <p class='ocr_par' dir='ltr' id='par_1_13' title="bbox 186 3205 1144 3469">
     <span class='ocr_line' id='line_1_31' title="bbox 220 3205 1142 3308; baseline -0.015 -14"><span class='ocrx_word' id='word_1_195' title='bbox 220 3236 354 3294; x_wconf 77' lang='lat' dir='ltr'>Nutantes.</span> <span class='ocrx_word' id='word_1_196' title='bbox 377 3239 463 3307; x_wconf 91' lang='lat' dir='ltr'>Quale</span> <span class='ocrx_word' id='word_1_197' title='bbox 485 3239 521 3292; x_wconf 89' lang='lat' dir='ltr'>sit</span> <span class='ocrx_word' id='word_1_198' title='bbox 540 3217 681 3308; x_wconf 87' lang='lat' dir='ltr'>peccatum</span> <span class='ocrx_word' id='word_1_199' title='bbox 696 3232 819 3303; x_wconf 87' lang='lat' dir='ltr'>aspicere</span> <span class='ocrx_word' id='word_1_200' title='bbox 841 3237 967 3287; x_wconf 87' lang='lat' dir='ltr'>natantes</span> <span class='ocrx_word' id='word_1_201' title='bbox 988 3205 1142 3301; x_wconf 69' lang='lat' dir='ltr'>nudostllt.</span> 
     </span>
     <span class='ocr_line' id='line_1_32' title="bbox 186 3306 1144 3392; baseline -0.019 -16"><span class='ocrx_word' id='word_1_202' title='bbox 186 3320 309 3390; x_wconf 86' lang='lat' dir='ltr'>Qualiter</span> <span class='ocrx_word' id='word_1_203' title='bbox 323 3324 439 3392; x_wconf 88' lang='lat' dir='ltr'>peccent</span> <span class='ocrx_word' id='word_1_204' title='bbox 462 3323 590 3388; x_wconf 88' lang='lat' dir='ltr'>parentes</span> <span class='ocrx_word' id='word_1_205' title='bbox 612 3321 659 3369; x_wconf 86' lang='lat' dir='ltr'>eut</span> <span class='ocrx_word' id='word_1_206' title='bbox 673 3312 850 3381; x_wconf 80' lang='lat' dir='ltr'>magistratus</span> <span class='ocrx_word' id='word_1_207' title='bbox 871 3312 918 3385; x_wconf 91' lang='lat' dir='ltr'>qui</span> <span class='ocrx_word' id='word_1_208' title='bbox 943 3318 1037 3368; x_wconf 81' lang='lat' dir='ltr'>natare</span> <span class='ocrx_word' id='word_1_209' title='bbox 1054 3313 1080 3367; x_wconf 89' lang='lat' dir='ltr'>in</span> <span class='ocrx_word' id='word_1_210' title='bbox 1092 3306 1144 3365; x_wconf 84' lang='lat' dir='ltr'>locis</span> 
     </span>
     <span class='ocr_line' id='line_1_33' title="bbox 187 3393 764 3469; baseline -0.009 -18"><span class='ocrx_word' id='word_1_211' title='bbox 187 3399 304 3469; x_wconf 84' lang='lat' dir='ltr'>publicis</span> <span class='ocrx_word' id='word_1_212' title='bbox 320 3415 374 3453; x_wconf 89' lang='lat' dir='ltr'>nen</span> <span class='ocrx_word' id='word_1_213' title='bbox 390 3396 552 3469; x_wconf 86' lang='lat' dir='ltr'>impediunt,</span> <span class='ocrx_word' id='word_1_214' title='bbox 565 3396 616 3449; x_wconf 85' lang='grc'>202</span> <span class='ocrx_word' id='word_1_215' title='bbox 632 3393 669 3466; x_wconf 81' lang='lat' dir='ltr'>(iu</span> <span class='ocrx_word' id='word_1_216' title='bbox 683 3393 764 3464; x_wconf 77' lang='lat' dir='ltr'>nota.)</span> 
     </span>
    </p>
   </div>
   <div class='ocr_carea' id='block_1_14' title="bbox 90 3500 1144 3649">
    <p class='ocr_par' dir='ltr' id='par_1_14' title="bbox 90 3500 1144 3649">
     <span class='ocr_line' id='line_1_34' title="bbox 189 3500 1144 3635; baseline 0.001 -80"><span class='ocrx_word' id='word_1_217' title='bbox 189 3501 369 3635; x_wconf 48' lang='lat' dir='ltr'>&#39;llmwlauae&#39;l</span> <span class='ocrx_word' id='word_1_218' title='bbox 383 3504 517 3558; x_wconf 89' lang='lat' dir='ltr'>Errarunt</span> <span class='ocrx_word' id='word_1_219' title='bbox 536 3502 659 3556; x_wconf 85' lang='lat' dir='ltr'>dicentes</span> <span class='ocrx_word' id='word_1_220' title='bbox 682 3501 889 3556; x_wconf 86' lang='lat' dir='ltr'>fornicationem</span> <span class='ocrx_word' id='word_1_221' title='bbox 904 3500 978 3556; x_wconf 89' lang='lat' dir='ltr'>nullo</span> <span class='ocrx_word' id='word_1_222' title='bbox 1003 3500 1081 3556; x_wconf 88' lang='lat' dir='ltr'>modo</span> <span class='ocrx_word' id='word_1_223' title='bbox 1098 3510 1144 3555; x_wconf 77' lang='lat' dir='ltr'>esst</span> 
     </span>
     <span class='ocr_line' id='line_1_35' title="bbox 90 3585 379 3649; baseline 0.021 -19"><span class='ocrx_word' id='word_1_224' title='bbox 90 3610 92 3616; x_wconf 34' lang='grc' dir='ltr'><strong><em>ι</em></strong></span> <span class='ocrx_word' id='word_1_225' title='bbox 188 3594 196 3630; x_wconf 85' lang='grc' dir='ltr'>ι</span> <span class='ocrx_word' id='word_1_226' title='bbox 219 3587 320 3649; x_wconf 84' lang='lat' dir='ltr'>mitam,</span> <span class='ocrx_word' id='word_1_227' title='bbox 336 3585 351 3636; x_wconf 89' lang='grc'>2</span> <span class='ocrx_word' id='word_1_228' title='bbox 374 3617 379 3627; x_wconf 81' lang='lat'><strong>·</strong></span> 
     </span>
    </p>
   </div>
   <div class='ocr_carea' id='block_1_15' title="bbox 0 0 1196 4100">
    <p class='ocr_par' dir='ltr' id='par_1_15' title="bbox 0 0 1196 4100">
     <span class='ocr_line' id='line_1_36' title="bbox 0 0 1196 4100; baseline 0 0"><span class='ocrx_word' id='word_1_229' title='bbox 0 0 1196 4100; x_wconf 95' lang='lat' dir='ltr'> </span> 
     </span>
    </p>
   </div>
  </div>
 </body>
</html>
