2384 4138
180 51 220 109 rt
500 62 539 108 nr
558 62 653 110 ursus
672 62 828 110 mutuis.

181 178 345 240 fornicatus
356 197 428 242 cum
440 180 610 252 meretrice,
626 178 697 260 quia
718 180 1018 243 haeccircumstentie
1037 189 1154 244 nonest

182 266 354 328 notabiliter
367 285 548 348 aggravans,
569 268 684 348 quippe
697 273 771 331 tunc
791 269 971 332 concubitus
988 270 1027 331 de
1040 288 1074 332 se
1095 271 1153 332 rim

182 355 274 417 habet
287 355 452 436 generandi
469 362 499 417 et
513 374 567 436 per
581 354 723 418 accidens
744 364 862 419 tontum
876 358 1041 437 impeditur
1060 376 1154 438 gene-

183 434 270 512 ratio,
293 441 382 516 prout
404 436 515 516 pariter
540 435 704 516 impeditur
721 435 754 496 in
777 455 1038 516 congressurum
1059 439 1155 500 vetule

184 528 236 585 aut
248 522 352 585 sterili.
368 521 462 586 Serus
473 530 576 587 tumen
589 524 639 585 etii
654 523 801 598 sentiunt,
811 525 897 604 juxte
908 527 944 587 D.
960 525 1121 587 Rousseiot
1134 530 1154 597 ¹,

184 612 303 693 ipsique
317 612 413 692 magis
426 612 538 674 arridet
551 612 672 674 illorum
686 613 833 674 sententia
845 633 854 687 ;
870 613 952 694 quia,
969 613 1079 694 inquit,
1096 613 1157 674 ideo

185 701 399 762 conveniuntur
410 700 573 762 meretrices
591 720 628 762 ne
651 703 917 783 noscaturproles;
931 702 983 764 sed
999 703 1076 764 ratio
1095 702 1158 763 huc

185 807 255 850 vera
278 807 341 850 non
355 807 476 869 semper
489 789 619 864 videtur,
635 795 665 851 et
678 788 747 852 ideo
770 789 858 852 nobis
871 790 1086 871 anteponenda
1106 809 1158 870 up

76 964 81 973 1
187 882 273 959 peret
286 877 386 958 prima
399 874 558 939 sententie.

227 969 277 1027 57.
301 964 423 1038 Quaerit.
439 966 472 1026 6ο
488 968 534 1025 An
548 963 681 1045 permitti
695 963 812 1044 possint
825 964 1021 1027 meretrices?

116 1057 119 1063 ’
182 1102 184 1105 -
229 1056 321 1134 Resp.
336 1052 494 1136 duplicem
508 1070 575 1115 esse
588 1052 783 1114 sententium.
813 1053 932 1124 Primo,
949 1072 1043 1136 quam
1057 1064 1158 1117 tenent

188 1142 336 1205 Sutmant.
362 1159 433 1205 cum
461 1141 528 1203 eliis
548 1140 698 1222 pluribus,
724 1139 863 1215 affirmat,
887 1160 925 1204 eo
947 1141 1036 1224 quod
1053 1143 1158 1206 exhinc

189 1230 285 1292 multu
297 1236 418 1310 peccata
435 1230 549 1309 maiora
560 1229 692 1291 vitentur
708 1248 715 1288 :
731 1228 867 1290 sodomia
886 1229 1036 1306 videlicet,
1053 1231 1156 1294 bestin-

188 1319 266 1394 tites‚
283 1317 423 1379 mollities
434 1325 464 1380 et
477 1316 673 1379 honestorum
683 1317 847 1379 mulierum
864 1316 1017 1395 seductio;
1032 1318 1156 1401 huicque

189 1406 345 1468 sententie
360 1406 441 1468 ctare
458 1405 616 1467 udhaerent
629 1407 660 1467 S.
677 1404 864 1485 Augustinus
878 1408 890 1441 ⁸
902 1413 932 1466 et
946 1413 1070 1470 sanctus
1085 1409 1156 1470 Tho·

190 1513 256 1555 mas
269 1499 302 1555 ⁸:
320 1493 428 1574 Auser,
443 1494 540 1574 inquit
551 1495 582 1556 S.
601 1494 800 1574 Augustinus,
815 1495 990 1572 meretrices,
1002 1497 1156 1560 turbaveris

192 1671 426 1752 probabitiorem
435 1680 520 1732 vocet
534 1673 565 1731 S.
576 1670 698 1750 Liguor.
715 1674 729 1708 ⁴
741 1677 772 1732 et
784 1688 855 1731 cum
869 1688 906 1733 eo
920 1675 956 1733 D.
970 1674 1132 1736 Rousseiot
1141 1676 1154 1731 ⁵:

191 1761 279 1841 qma,
303 1760 418 1840 inquit,
436 1759 622 1840 experientia
644 1766 753 1819 constat
769 1760 956 1820 meretricum
974 1761 1156 1824 tolerantiam

191 1844 308 1930 peecata
323 1848 454 1909 lururioe
473 1847 690 1928 rnultr'plr'core,
702 1847 891 1929 potiusquam
903 1850 1013 1928 efficere
1027 1853 1157 1916 rariore:

152 2005 154 2010 ,
193 1947 336 2007 attamen,
360 1936 427 1997 deur
449 1935 543 2009 addit,
559 1935 806 1996 absolventium
820 1937 1079 2019 mapr'strotusqui
1095 1939 1156 2000 terr

192 2024 253 2106 fide
265 2034 374 2106 putent
385 2025 497 2085 mutum
510 2022 592 2084 istud
607 2023 676 2084 totta·
690 2042 748 2083 non
756 2042 850 2104 posse.
871 2046 887 2082 «
901 2023 985 2086 Bene
999 2025 1128 2088 advertit
1137 2031 1157 2086 et

198 2137 213 2172 u
234 2114 343 2194 probat
356 2115 390 2174 P.
406 2112 545 2185 Sor-neth,
561 2112 602 2172 eit
616 2113 647 2174 S.
665 2112 790 2192 Lignor.
805 2113 919 2193 ⁶,qu0d
935 2113 1014 2188 licet,
1031 2115 1156 2176 investis

199 2226 213 2261 e
235 2202 373 2276 urbibus,
385 2202 559 2263 meretrices
573 2200 705 2281 permitti
719 2199 845 2281 possint,
864 2200 946 2262 nullo
960 2208 1063 2262 tumen
1076 2201 1155 2264 modo

199 2314 214 2348 (ι
236 2292 266 2351 in
282 2291 350 2352 otiis
364 2288 438 2351 iocis
452 2288 660 2371 permittendae
674 2290 744 2349 sint.
759 2308 775 2345 n
802 2329 808 2336 .

236 2381 279 2439 Ex
290 2376 443 2439 solutione
451 2376 647 2457 precedentis
658 2375 742 2437 dubii
750 2375 935 2438 concludere
945 2377 1015 2438 licet
1024 2376 1154 2438 damnor

195 2467 270 2529 dum
286 2485 346 2528 non
368 2484 434 2527 esse
448 2482 519 2527 eum
534 2465 587 2544 qui
610 2464 736 2525 domum
753 2482 839 2525 suam
855 2464 1062 2526 meretricibus
1080 2466 1153 2531 tocrt.

196 2555 360 2635 suppositis
369 2561 470 2614 tamen
486 2551 617 2628 duobus,
637 2569 746 2631 nempe
757 2551 879 2631 t⁰quod
890 2552 1065 2614 meretrices
1079 2569 1153 2614 uma·

197 2644 320 2724 gistrutu
342 2642 402 2704 loci
424 2641 608 2714 tolerentur;
625 2643 656 2700 2⁰
670 2638 766 2718 quod,
781 2639 821 2699 ob
843 2642 1037 2702 meretricum
1056 2642 1155 2703 vicine·

197 2750 267 2794 rum
290 2731 504 2811 trequentiam.
524 2728 634 2790 domus
646 2727 730 2789 atteri
745 2727 840 2789 locari
863 2734 1004 2809 nequeat,
1018 2727 1100 2790 unde
1114 2729 1155 2789 do·

199 2821 283 2881 mino
294 2818 404 2879 domus
419 2817 552 2879 notabile
565 2817 713 2878 damnum
728 2816 894 2877 obveniret.

237 2911 287 2970 58.
311 2908 434 2978 Quaerit.
450 2911 481 2966 7⁰
500 2907 647 2977 Quaenum
665 2922 764 2984 poenae
778 2903 915 2966 ferentur
932 2905 1031 2984 ejure
1045 2905 1121 2967 civiti
1134 2903 1156 2962 in

199 2995 291 3059 Gallia
305 3002 411 3058 contro
424 2992 645 3056 fornicatores?

230 3194 252 3241 t.
271 3192 299 3242 In
310 3195 407 3241 eertum
419 3189 531 3251 decedunt
537 3191 698 3253 preceptum,
711 3187 771 3238 diss.
785 3188 808 3248 t,
822 3195 866 3239 ert.
884 3187 904 3246 t,
917 3201 942 3251 q.
954 3186 997 3245 2⁰,
1008 3189 1035 3238 in
1050 3189 1107 3251 fine.

230 3263 253 3312 Ξ.
272 3262 306 3311 be
319 3260 384 3321 ord,
398 3259 440 3309 tib.
451 3259 476 3317 2,
489 3275 511 3308 c.
525 3260 548 3307 t.

230 3333 254 3384 3.
272 3336 362 3394 tipuse.
376 3332 415 3390 ΞΟ,
427 3330 470 3379 lib.
486 3330 509 3390 t,
522 3343 545 3379 c.
559 3328 598 3378 m.

231 3404 255 3452 t.
274 3401 328 3451 bib.
344 3401 367 3463 3,
381 3413 410 3450 ne
424 3401 480 3450 tet.

232 3476 255 3521 5.
273 3471 375 3537 1ttt‚q.
389 3470 413 3531 3,
426 3470 564 3535 adreptim.
615 3518 618 3523 .

233 3543 257 3592 b.
272 3541 331 3594 ibid.
