2384 4138
456 222 548 268 oaeur
569 226 602 268 rr.
979 212 1017 269 43

34 338 158 399 etiarnsi
174 339 287 415 conjux
302 337 481 410 consentiat,
495 339 629 420 quietius
643 339 732 401 babet
747 340 872 419 quidem
887 343 950 420 ipse
965 359 1017 402 sua

34 426 173 506 conjugo
197 424 301 487 utendi
321 426 352 486 in
372 425 479 487 ordine
498 427 535 487 ad
553 429 672 508 prolem
692 428 930 509 procreandam,
958 447 1017 488 non

35 533 110 599 uero
127 519 225 594 potest
238 533 305 576 eam
320 514 406 576 alteri
424 515 532 576 cedere
546 517 620 596 quin
635 523 739 578 contra
759 524 898 578 naturam
913 517 1018 577 matri-

37 603 137 664 monii
151 602 319 684 delinquat.
331 603 418 666 Unde
428 603 570 665 damnata
583 612 628 666 est
638 605 675 666 ab
689 607 795 666 lnnoe.
806 608 845 666 Xl
856 605 1020 686 propositio

35 710 175 773 sequens
190 713 195 751 :
216 691 330 772 Copula
349 711 416 752 cum
430 693 601 773 conjapoto,
616 694 810 754 consentiente
827 694 948 767 morito,
962 712 1020 752 noo

36 790 79 841 est
93 780 292 857 adulterium,
308 776 433 859 ideoque
441 782 537 860 suffici
540 790 551 837 t
563 780 661 843 dicere
680 783 712 842 io
726 782 902 862 consessione
918 801 946 841 se
964 800 1021 841 esse

35 868 236 949 fornicatum.
251 870 286 928 In
300 886 336 930 eo
359 876 460 929 tamen
475 888 548 930 casu
561 870 674 950 conjux
690 871 881 932 consentiens
896 870 1019 931 restitu-

40 957 120 1017 tioni
137 957 195 1017 sibi
209 956 318 1031 debitae
332 956 522 1018 renuntiasse
534 959 685 1020 censetlir.

78 1049 130 1108 89.
158 1045 347 1106 Adulterium
361 1049 560 1108 commissum
576 1065 646 1108 cum
666 1048 829 1126 conjugata
839 1052 885 1107 est
902 1046 1020 1125 gratius

38 1141 201 1213 peccatum
218 1133 349 1213 quamsi
369 1136 550 1215 conjugatus
571 1141 710 1215 peccaret
730 1153 802 1196 cum
824 1134 930 1208 libera,
950 1135 1020 1214 quia

38 1222 164 1302 copula,
180 1222 211 1281 in
223 1222 321 1302 primo
335 1224 468 1296 casu,vel
485 1230 572 1284 nocet
582 1223 781 1304 generationi,
792 1221 871 1303 quod
882 1242 938 1282 noa
952 1243 1021 1282 roro

37 1311 148 1382 evenit,
167 1310 267 1390 inquit
288 1310 405 1371 Saettler
423 1316 444 1382 ¹,
461 1316 491 1373 et
512 1317 584 1372 lunc
608 1312 736 1391 graviter
756 1317 897 1390 peccatur
916 1320 1020 1372 contra

38 1397 197 1474 maritum,
212 1398 263 1477 qui
285 1397 388 1478 inique
403 1399 528 1462 orbatur
542 1399 656 1476 liberis;
672 1400 718 1460 vel
733 1398 821 1460 falsos
833 1398 959 1482 boreales
972 1397 1020 1457 in-

38 1486 182 1547 tromittit
197 1486 228 1546 in
245 1485 400 1560 familiam,
418 1492 469 1548 aut
483 1487 586 1550 saltem
602 1489 679 1568 parit
695 1507 775 1567 saepe
791 1488 882 1567 prolis
895 1487 1019 1548 incerti-

36 1575 193 1637 tudinem.
219 1579 240 1632 Α
268 1573 383 1635 fortiori
421 1577 541 1654 gravius
567 1582 612 1637 est
639 1576 822 1637 adulterium
853 1575 975 1655 quando
1002 1592 1019 1634 a

37 1664 206 1744 conjugato
220 1681 292 1723 cum
307 1670 432 1724 uxorata
448 1664 658 1740 committitur,
680 1682 752 1725 cum
771 1664 807 1724 sil
823 1671 896 1725 tunc
908 1662 1020 1742 duplex

38 1751 234 1814 adulterium.
249 1753 341 1812 Porro
351 1750 527 1813 haecomnia
540 1758 611 1814 sunt
626 1753 777 1833 sigillatim
791 1751 1020 1813 inconfessione

41 1839 263 1929 specificanda.

81 1933 133 1991 90.
158 1929 361 1990 Committitur
380 1928 442 1989 veri
462 1928 598 1989 nominis
618 1927 810 2001 adulterium,
828 1928 897 1991 licet
912 1929 1018 1988 matri-

45 2017 187 2078 monium
209 2017 246 2078 sit
259 2017 406 2078 duntaxat
419 2023 530 2091 ratum,
547 2017 576 2076 id
591 2022 646 2090 est,
669 2017 804 2077 nondum
824 2035 1019 2077 consumma-

41 2110 120 2167 tum.
146 2106 222 2165 lletn
246 2104 428 2166 adulterium
454 2103 640 2183 probabilius
663 2110 760 2184 patrat
786 2105 838 2184 qui
856 2104 1020 2165 sodomiter

42 2212 172 2255 uxorem
196 2193 349 2273 propriam
368 2193 535 2273 cognoscit,
560 2193 631 2272 quia
651 2194 761 2270 injuria
781 2191 814 2252 fit
833 2197 905 2253 tunc
931 2193 1019 2254 statui
1093 2183 1101 2197 ⁶

41 2281 209 2362 conjugali.
233 2284 277 2343 Ita
296 2282 500 2343 communitor
520 2289 625 2342 contra
646 2299 760 2361 paucos
773 2285 796 2340 ².
820 2313 857 2325 -
884 2283 929 2340 An
948 2298 1020 2341 vero

42 2370 228 2432 adulterium
243 2371 282 2431 sit
294 2371 402 2451 copula
417 2369 519 2430 habita
533 2389 604 2431 cum
621 2369 798 2449 desponsata
813 2387 865 2447 per
879 2368 968 2429 verba
982 2367 1021 2429 dc

41 2457 157 2526 futuro.
174 2458 361 2538 probabilius
378 2465 515 2540 negatur,
536 2465 566 2520 et
580 2458 734 2538 probabile
752 2458 862 2535 pariter
881 2455 1020 2534 estquod

42 2546 109 2610 baec
122 2548 349 2610 circumstantia
364 2567 425 2608 non
440 2548 476 2608 sit
490 2547 521 2607 in
535 2547 726 2609 confessione
742 2546 910 2607 necessario
919 2544 1021 2606 decla-

47 2635 181 2697 randat.

88 2732 281 2794 Adulterium
301 2751 373 2795 cum
394 2732 510 2794 infideli
529 2734 712 2812 conjugata,
735 2733 851 2795 cacteris
875 2730 1018 2812 paribus,

45 2823 149 2884 miuus
167 2827 212 2883 est
232 2828 389 2902 peccatum
411 2839 503 2902 quam
526 2840 596 2883 cum
619 2823 806 2896 Christiana,
828 2821 898 2900 quia
920 2839 1020 2881 sacra·
1123 2890 1127 2898 .

9 2900 28 2925 ⁸
46 2918 151 2973 mento
167 2928 227 2971 non
242 2909 276 2981 fit
288 2911 399 2988 iniuria
406 2931 415 2985 3
433 2929 485 2990 per
497 2909 636 2973 accidens
650 2917 750 2970 lamen
767 2915 939 2989 potestesse
956 2927 1020 2969 ma-

43 3000 92 3078 jus
112 2999 175 3068 :si,
200 3019 298 3121 v.⁸g.,
322 3005 481 3080 propterea
513 2999 550 3061 ab
573 2998 782 3080 amplectenda
801 2998 861 3059 fide
885 2996 1021 3058 infideles

49 3092 223 3150 avertantur
250 3135 256 3149 .

85 3180 136 3239 et.
160 3176 283 3248 Quaerit.
305 3158 532 3248 l⁰0uibusuam
544 3177 642 3256 poenis
658 3154 807 3255 plectatur
821 3174 1021 3235 adulterium?

82 3278 173 3355 Resp.
198 3280 227 3336 l⁰
245 3274 343 3337 Nullis
358 3274 466 3354 poenis,
488 3274 554 3353 ipso
577 3273 666 3347 lacto,
686 3290 738 3351 per
759 3272 840 3352 leges
863 3271 1018 3343 Ecclesiae,

77 3495 98 3543 l.
117 3495 146 3544 ln
158 3496 266 3553 acetum,
279 3498 337 3552 etc,
348 3510 374 3553 p.
389 3493 429 3541 tt.

76 3566 99 3615 Ξ.
118 3565 144 3614 S.
160 3563 271 3627 Lignum,
285 3561 327 3611 lib.
345 3564 368 3622 3,
383 3573 409 3611 n⁰
421 3562 475 3612 tto.

76 3637 98 3685 3.
117 3636 188 3691 llud„
200 3644 228 3682 n⁰
239 3633 295 3683 tlt.

76 3706 98 3754 l.
117 3703 223 3762 Saeltler,
237 3703 307 3763 llud..
322 3720 343 3764 p.
357 3703 398 3752 23.
