2362 4094
144 191 182 249 82
342 257 346 269 ,
464 202 502 244 on
522 201 613 246 anans
637 201 788 246 varennis.

144 318 241 397 inquit
255 319 285 379 S.
302 317 423 396 liguor.
441 320 463 390 ¹,
477 316 596 396 quando
615 320 720 398 egitur
733 318 768 380 de
779 318 901 381 vitando
914 317 1019 380 donem
1042 337 1128 379 com·

125 407 237 476 muni,
249 414 281 465 at
294 406 387 467 euenit
398 407 430 466 in
440 407 581 487 presenti
591 426 670 468 cusu.

185 508 252 566 156.
277 504 333 578 Qui
366 504 608 567 sollicitationem
635 508 741 587 nequit
770 507 899 585 Juridiee
924 504 1052 585 probare
1086 503 1128 563 ad

142 588 382 654 denuntiandum
408 593 498 654 etiam
522 594 641 656 tenetur
660 598 744 674 Juxta
769 592 1007 676 propositionem
1024 597 1064 659 5,
1084 593 1127 654 ab

146 680 313 742 alexandro
332 683 384 742 Vll
403 684 614 763 proscriptam,
636 685 679 746 sie
697 703 728 746 se
754 683 941 746 habentem:
977 681 1127 764 Ouumm's

141 767 289 830 evidenter
302 768 358 829 tibi
377 778 486 831 constet
498 767 623 834 Petrum
636 793 693 833 esse
718 772 906 845 tranaticum,
921 789 979 830 non
1008 771 1125 831 teneris

141 856 327 935 denuntiare,
338 859 364 917 si
374 859 502 939 probare
512 863 669 943 anapestis
682 865 703 920 ².

148 1030 150 1035 ⁴
184 959 251 1016 l5l.
276 958 351 1017 Item
365 964 409 1017 est
431 957 574 1038 obligatio
592 957 791 1021 denuntiandi
807 955 1038 1037 sollicitantem,
1059 955 1122 1017 etsi

142 1044 258 1121 crimen
273 1046 310 1106 sit
332 1046 511 1109 occultum:
536 1048 671 1129 alioquin
698 1053 882 1127 praeceptum
913 1043 1120 1106 denuntiandi

142 1132 246 1193 inutile
257 1132 394 1195 evaderet
408 1135 438 1194 in
453 1154 525 1214 casu
541 1137 691 1216 praesenti,
706 1141 739 1196 ul
752 1133 906 1195 evidenter
921 1132 1034 1211 patet³.

181 1223 217 1282 Et
233 1221 311 1283 idem
327 1230 371 1283 est
380 1222 544 1285 dicendum
556 1226 693 1304 quamvis
707 1222 789 1285 nulla
800 1221 986 1302 praecesserit
1000 1239 1121 1283 corree-

139 1309 182 1370 tio
196 1309 343 1383 fraterna,
368 1311 482 1372 etiamsi
508 1321 589 1373 certo
614 1320 691 1373 esset
706 1310 879 1391 profutura:
897 1315 929 1370 ut
951 1316 1118 1370 constater

140 1396 261 1459 decreto
276 1399 434 1461 Alexandri
454 1402 523 1477 Vll,
540 1405 558 1462 8
572 1404 588 1463 J
594 1401 645 1461 ulii
661 1404 755 1475 1661,
772 1399 825 1460 ubi
837 1398 1022 1460 declaratum
1039 1397 1117 1459 suit:

145 1486 303 1547 «Etiamsi
329 1486 414 1548 nulia
438 1487 568 1551 fraterna
592 1489 738 1550 correctio
762 1487 806 1549 vel
821 1486 879 1547 alia
893 1486 1025 1547 monitio
1039 1505 1119 1566 pra·
1174 1487 1175 1490 ’

143 1582 160 1630 ‘a
182 1575 272 1634 missa
290 1574 390 1650 luerit,
413 1595 521 1638 omnes
539 1579 631 1639 teneri
653 1575 788 1657 (fideles)
813 1574 850 1636 ad
870 1573 1117 1636 denuntiandum

50 1700 54 1706 ·
145 1683 159 1717 a
181 1679 259 1741 quos
278 1665 491 1726 noverintesse
503 1666 541 1726 de
554 1665 624 1740 fide,
640 1664 867 1746 quomodolibet
886 1662 978 1730 etiam
1001 1662 1116 1735 leviter,

145 1770 160 1807 u
181 1748 374 1830 suspectos.'»
390 1756 557 1834 Interquos
571 1753 774 1816 communiter
796 1756 1014 1832 computantur
1035 1750 1119 1811 solli-

141 1839 280 1900 citantes:
297 1860 350 1920 per
363 1842 442 1903 dicta
463 1843 550 1904 verba
566 1850 645 1923 patet
659 1859 779 1923 semper
789 1841 819 1901 in
830 1859 901 1902 casu
914 1838 1118 1899 denuntiatio-

142 1944 213 1987 nem
228 1945 293 1988 esse
303 1928 471 1991 faciendam
484 1936 507 1992 ⁴.

182 2029 249 2086 l52.
264 2027 401 2090 Diximus
415 2030 651 2111 supremam)
667 2028 748 2110 quod
761 2026 927 2088 nonsolum
939 2026 1117 2088 sollicitatus

141 2113 176 2173 ad
208 2114 450 2179 denuntiandum
473 2124 629 2193 teneatur,
645 2117 698 2179 sed
724 2117 816 2177 etiam
841 2114 1031 2195 quicumque
1059 2118 1118 2176 scit

140 2209 221 2264 carto
231 2204 471 2268 sollicitationem
486 2208 659 2288 contigisse,
688 2207 742 2268 etsi
770 2203 910 2285 impuber
937 2204 991 2275 sit,
1023 2204 1117 2265 modo

140 2292 255 2352 crimen
271 2293 405 2357 didicerit
425 2314 484 2356 non
500 2315 518 2357 a
532 2297 669 2376 persenis
683 2290 790 2375 parum
803 2292 863 2355 tide
895 2292 1015 2372 dignis,
1041 2299 1115 2371 puta

23 2438 28 2446 ,
140 2374 261 2442 leminis
283 2383 413 2459 levibus3
441 2383 499 2445 boc
516 2393 634 2446 constat
657 2383 694 2445 ab
718 2383 816 2445 edicto
845 2379 1052 2461 Inquisitionis
1080 2384 1117 2442 re

142 2476 228 2530 mart.
245 2473 331 2532 1677.
995 2484 1004 2499 ·

179 2559 255 2619 Sunt
265 2565 365 2621 tamen
376 2580 464 2624 casus
471 2561 639 2640 excipiendi
651 2582 657 2622 z
671 2579 793 2641 nempe,
806 2579 833 2621 v.
849 2579 894 2640 g,
903 2558 928 2618 si
942 2557 1115 2619 sollicitatio

141 2643 230 2706 fuerit
244 2649 431 2711 manifestata
443 2651 480 2712 ed
500 2651 663 2731 petendum
690 2649 870 2712 eonsilium:
899 2646 972 2726 quia
999 2645 1115 2706 bonum

140 2749 304 2796 commune
319 2738 411 2817 exigit
424 2745 458 2800 ut
471 2747 621 2801 secretum
635 2746 709 2801 tunc
722 2745 867 2800 servetur.

181 2821 210 2882 Si
223 2841 293 2884 vero
305 2825 362 2886 sub
376 2834 490 2888 secreto
505 2827 632 2890 naturali
655 2833 773 2888 mutum
789 2825 878 2887 sciret
889 2823 958 2904 quis
970 2822 1115 2884 sollicita-

142 2913 265 2987 tionem,
282 2921 472 2977 rectctenent
489 2918 597 2979 Palaus
610 2917 710 2994 etalii,
726 2921 831 2977 eontra
851 2912 1030 2985 nonnullos⁷
1049 2930 1116 2973 esse

140 3006 214 3062 lunc
248 3001 463 3083 obligationem
484 3004 696 3079 denuntiandi,
724 3005 798 3083 quia
817 3019 907 3065 nemo
927 3007 1047 3062 tenetur
1077 3001 1114 3061 ad

139 3096 302 3168 secretum,
311 3094 402 3154 etiam
414 3112 486 3154 cum
496 3094 669 3172 juramento
679 3089 1006 3173 promissum‚quando
1021 3091 1114 3168 vergit

139 3178 171 3240 in
192 3179 339 3244 damnum
354 3184 545 3246 comanunel.

173 3416 193 3464 l.
211 3415 281 3474 ibid,
295 3425 322 3462 n⁰
335 3413 390 3462 eat.

170 3487 193 3536 1.
212 3486 237 3536 S.
256 3485 396 3551 Lig.‚ibld.,
412 3483 505 3534 111695.

171 3557 194 3606 3.
213 3556 239 3607 S.
259 3556 323 3622 big„
338 3557 405 3618 itta,
419 3566 447 3605 n⁰
459 3555 513 3606 696.

172 3628 195 3678 l.
213 3628 239 3677 S.
258 3626 322 3691 lig..
335 3627 401 3687 illd,
413 3637 441 3676 n⁰
454 3627 507 3676 lm.

170 3700 193 3748 5.
213 3699 239 3748 S.
258 3697 369 3764 Liguor.¹
382 3698 449 3758 totu„
463 3707 490 3746 11⁰
499 3697 553 3749 698.
