2378 4102
183 162 237 221 tta
501 175 538 219 nu
559 173 652 220 annus
673 174 826 220 annnaurs.

180 324 219 340 ·-
231 294 339 354 Putant
357 298 458 353 tamen
473 283 599 370 hujusce
614 290 770 351 sententiaa
786 289 904 370 patroni
918 290 1022 352 adesse
1044 291 1078 350 in
1098 289 1153 350 hoc

181 380 305 461 culpam
328 380 495 451 venialem,
512 380 582 461 quia
603 379 670 439 talis
683 379 841 440 delectatio
852 386 937 440 caret
958 379 1018 440 line
1037 378 1152 451 debito,

179 487 251 530 cum
277 488 337 542 non
366 468 523 529 ordinetur
549 467 585 527 ad
612 469 753 547 copulam
780 473 986 546 praesentem:
1010 467 1154 547 probatur

179 558 268 619 etiam
283 577 318 618 ex
335 559 366 618 S.
380 556 514 630 Thoma',
530 558 617 634 cujus
631 557 721 627 verba
735 555 815 636 apud
830 558 861 617 S.
873 556 995 636 Lignor.
1012 556 1069 636 legi
1086 574 1154 635 pos-

179 653 251 706 sunt
261 649 281 705 ¹.
302 646 399 707 Tertia
410 644 555 706 sententia
567 644 722 723 distinguit
732 649 762 704 et
776 650 875 724 negat,
892 644 915 705 si
931 643 1093 705 delectatio
1107 643 1154 702 fiat

180 734 295 814 absque
308 735 468 814 spirituum
482 734 699 808 commotione,
714 750 812 809 secus,
828 732 852 793 si
865 733 916 793 tlat
930 751 1003 794 cum
1017 749 1154 794 cunimu-

181 823 262 883 tione
277 822 485 883 ettitiltatione
500 821 641 902 partium.

225 943 239 977 a
263 922 339 1000 Ego,
350 921 447 1003 inquit
464 923 494 981 S.
512 920 647 998 Lignor,
661 937 764 985 nreum
777 916 926 996 iudicium
942 918 1095 998 proteram
1112 917 1153 978 :si

186 1032 201 1068 a
221 1008 378 1071 delectatio
399 1008 554 1080 habeatur,
572 1025 633 1069 non
649 1007 747 1068 solnm
761 1024 831 1067 cum
851 1008 1057 1068 commotione
1066 1007 1153 1088 spiri-

186 1120 202 1157 a
221 1104 320 1167 tuum,
336 1098 389 1159 sed
409 1099 583 1158 etiamnum
598 1095 765 1156 titillatione
782 1113 835 1156 seu
850 1094 1004 1175 voluptate
1018 1113 1151 1166 venerea,

187 1208 203 1244 a
223 1187 396 1247 sentiacam
406 1204 467 1245 nun
479 1203 567 1265 posse
582 1185 745 1245 excusaria
760 1183 892 1255 mortali,
905 1184 977 1263 quia
987 1184 1153 1245 talisdelcc·

187 1296 201 1330 a
222 1276 295 1336 tatio
318 1274 513 1354 estproximo
536 1273 698 1350 coniuncta
722 1290 793 1333 cum
808 1272 944 1353 periculo
970 1272 1150 1352 pollutionis.

187 1385 203 1421 a
223 1364 317 1425 Secus
332 1381 401 1424 vero
414 1369 488 1442 puto
502 1361 665 1421 dicendum
681 1361 704 1420 si
722 1360 799 1420 absit
813 1361 863 1419 illa
883 1360 1063 1440 voluptuosa
1088 1359 1153 1421 titil-

188 1473 203 1509 a
225 1448 306 1529 latin,
330 1451 403 1532 quia
424 1460 496 1512 tunc
512 1468 572 1519 non
587 1454 632 1509 est
646 1448 836 1508 delectationi
851 1449 991 1528 proxime
1005 1465 1152 1510 annexum

188 1539 393 1618 «periculum
419 1538 605 1618 pollutionis,
634 1537 751 1598 etiamsi
778 1536 1046 1617 adsitcommotio
1070 1535 1153 1617 spiri-

188 1648 204 1683 «
224 1634 323 1689 tuum.
340 1648 368 1705 u¹

224 1725 347 1785 Certum
360 1730 405 1784 est
419 1730 520 1785 autem
535 1721 618 1802 quod
632 1722 814 1785 desiderium
829 1728 858 1785 et
873 1721 1006 1802 simplex
1020 1719 1153 1803 cogitatio

185 1811 302 1892 copulae
318 1812 425 1874 luturae
439 1812 500 1873 sint
509 1812 691 1892 conjugibus
713 1812 803 1889 licita,
820 1818 909 1891 prout
922 1811 1014 1873 etiam
1029 1810 1151 1890 simplex

185 1900 327 1980 cogitatio
336 1901 374 1961 de
382 1901 446 1979 jam
456 1900 557 1961 habita
567 1901 675 1980 copula
683 1901 797 1983 absque
808 1901 1009 1962 delectatione
1021 1916 1150 1962 venerea.

226 2009 296 2068 306.
320 2006 440 2080 Quaerit.
467 2011 509 2069 4⁰.
530 2009 588 2082 An,
605 2007 669 2067 viro
687 2026 719 2069 se
739 2007 908 2069 retrahente
923 2015 989 2088 post
1008 2008 1153 2088 propriam

186 2094 418 2157 seminationem
439 2095 573 2158 sedante
589 2096 723 2157 mulieris
736 2097 979 2165 seminationem,
1001 2100 1096 2176 possit
1107 2095 1152 2156 ista

187 2184 287 2244 statim
301 2183 428 2246 tactibus
444 2202 476 2245 sc
490 2185 619 2245 excitare
632 2190 665 2246 ut
674 2184 826 2246 seminet?

227 2285 317 2363 Rcsp.
334 2282 522 2342 Sententiam
547 2287 708 2362 negantem
732 2300 750 2342 a
773 2281 954 2363 quibusdam
972 2282 1098 2362 quidem
1115 2286 1152 2341 te·

189 2368 253 2431 neri
269 2392 275 2431 :
293 2371 486 2432 communius
502 2388 574 2432 vero
593 2370 760 2433 affirmatur
773 2371 832 2432 hoc
845 2389 911 2432 esse
926 2371 1043 2432 licitum
1051 2392 1062 2446 3
1080 2370 1151 2453 quia,

187 2459 242 2519 ctsi
255 2478 359 2521 semen
373 2459 511 2521 mulieris
522 2478 582 2519 non
597 2460 635 2520 sit
650 2460 854 2522 necessariam
868 2460 907 2520 ad
921 2461 1152 2540 generationem,

114 2579 117 2586 ·
189 2566 250 2607 non
271 2555 316 2609 est
334 2553 435 2608 tamen
451 2548 506 2627 ipsi
524 2547 631 2609 inutile
646 2554 674 2607 et
695 2548 825 2628 pertinet
843 2547 880 2608 ad
901 2548 1153 2629 complementum

166 2640 273 2696 >actus
290 2635 473 2717 conjugalis,
497 2636 550 2714 qui
576 2635 606 2696 in
628 2637 828 2698 seminatione
854 2636 1012 2718 utriusque
1026 2635 1154 2716 conJugis

189 2723 337 2785 consistit.
362 2727 427 2786 lmo
452 2724 568 2786 mulieri
594 2726 778 2805 permittitur
800 2744 833 2786 se
851 2725 981 2786 excitare
1002 2733 1075 2787 ante
1089 2742 1152 2788 con·

190 2830 329 2890 gressum
366 2832 427 2891 qno
461 2813 577 2873 lucilius
602 2814 631 2873 in
652 2813 741 2873 ,coitu
768 2814 908 2874 seminet.
944 2814 1033 2874 Dicta
1064 2823 1153 2875 tamer

188 2900 281 2962 modo
299 2900 359 2962 dici
375 2912 541 2982 nequeunt,
559 2892 621 2962 rice
636 2919 732 2988 versa,
752 2900 790 2962 dc
804 2902 878 2976 viro,
894 2900 944 2963 cui
959 2920 1022 2963 non
1037 2899 1151 2964 est'lici-

189 2994 255 3049 tum
282 3007 314 3050 se
337 2991 468 3051 excitare
491 2989 528 3048 ad
549 2989 780 3050 seminationem
802 2996 964 3070 postquam
995 2992 1107 3054 mulier
1129 3004 1153 3049 ac

190 3079 313 3150 retraxit
341 3086 409 3159 post
434 3097 522 3140 suam
550 3078 703 3158 propriam
731 3077 873 3139 emissam
895 3081 963 3140 :sic
984 3081 1068 3140 enim
1092 3097 1152 3143 con·

187 3167 275 3245 juges
305 3185 407 3228 revera
430 3185 491 3228 una
526 3185 597 3239 caro
628 3185 688 3226 nnn
714 3162 852 3240 tierent,
871 3185 927 3227 nec
960 3170 1153 3248 compleretur

190 3264 275 3316 actus
290 3255 476 3316 necessarius
490 3257 526 3315 ad
543 3256 780 3335 generationem,
799 3255 850 3316 scd
863 3256 987 3318 iteratus
1002 3263 1079 3320 tunc
1093 3275 1154 3321 con·

191 3363 311 3421 gressus
325 3344 499 3424 requiritur.

224 3541 246 3589 l.
265 3540 318 3593 Lib.
330 3541 352 3602 6,
367 3542 456 3595 110937.
