2384 4138
450 183 543 229 orror
562 185 597 230 11.
972 171 1011 230 25

78 306 167 384 Resp.
188 299 287 363 nullas
307 300 473 381 generatim
497 301 645 379 alegibus
664 304 773 365 nostris
787 302 925 365 civilibus
939 303 1013 364 latas

40 410 104 454 esse
114 397 223 454 contra
237 387 465 449 fornicationem
480 390 656 469 simpliciter
669 391 793 466 dictam,
810 390 867 451 nisi
882 409 1013 453 concur-

41 479 178 541 rentibus
190 475 372 559 quibusdam
387 475 632 552 circumstantiis,
647 478 830 558 publicitatls
844 497 955 559 nempe
967 479 1011 540 vol

40 566 171 629 intirmae
185 564 279 649 aetatis
294 564 374 625 illiue
388 583 521 645 quocum
534 566 732 627 committitur
746 567 873 627 crimen.

80 660 113 716 lt
127 653 232 727 Quoad
246 652 503 714 circumstantiam
516 653 711 734 publicitatis,
728 655 773 716 sic
786 653 876 716 habet
886 660 941 716 art.
955 658 1014 717 330

39 743 158 804 Codicis
177 740 329 822 poenalis:
350 762 365 798 a
383 743 478 802 Toote
493 759 643 817 personne
657 743 709 822 qui
728 760 801 803 aura
821 744 950 804 commis
970 762 1012 805 un

16 844 59 894 a«
79 837 207 910 outrage
222 828 324 908 public
339 828 356 890 d
374 828 401 890 la
416 828 534 907 pudeur
548 847 613 891 sera
629 830 721 909 punio
741 830 815 892 d'un
841 831 1013 911 emprison-

44 941 58 977 u
80 925 206 980 nement
219 917 257 979 de
270 917 345 978 trois
360 917 436 976 mois
450 919 519 978 aun
531 936 582 993 an,
598 923 627 977 et
641 916 735 979 d'une
744 917 874 982 amende
888 918 926 979 de
936 919 1013 984 seire

44 1030 59 1065 a
79 1007 182 1069 lrancs
197 1005 215 1067 d
229 1005 310 1067 deux
323 1011 409 1066 cents
422 1004 533 1067 francs,
548 1027 564 1064 u

79 1096 110 1157 Si
124 1102 226 1157 autem
239 1093 338 1156 verbis
349 1094 493 1155 duntaxat
507 1101 558 1155 aut
578 1094 696 1173 scriptis
712 1094 810 1173 pudor
825 1094 945 1173 publice
961 1094 1011 1156 lar·

39 1184 175 1256 deretur,
191 1201 253 1244 non
269 1180 466 1262 praecedentis
480 1182 596 1243 articuli
611 1181 804 1263 applicatiuni
827 1181 911 1241 locus
922 1188 1012 1257 esset,

40 1271 91 1333 sed
106 1272 209 1352 potius
222 1270 339 1331 articuli
355 1272 385 1343 8,
405 1270 479 1350 legis
495 1274 530 1331 l'l
546 1270 616 1331 maii
636 1272 725 1343 1819,
742 1269 772 1330 in
795 1288 858 1349 quo
879 1269 1011 1331 dicitur:

84 1361 191 1421 «Tout
202 1364 328 1437 outrage
342 1357 400 1419 ala
413 1357 527 1419 murale
540 1358 684 1438 publique
697 1363 727 1418 et
736 1357 895 1437 religieuse
904 1375 943 1419 ou
955 1375 1012 1418 aux

43 1469 59 1505 o
80 1446 200 1507 bounes
218 1464 332 1507 moeurs
346 1440 478 1525 par‘l'riu
490 1444 544 1507 des
559 1463 684 1525 moyens
698 1446 830 1506 enoncts
844 1462 885 1506 en
905 1445 980 1507 l'art.
996 1450 1008 1506 t

44 1557 59 1593 a
80 1534 130 1616 (id
141 1543 183 1596 eat
203 1534 295 1595 uerbis
313 1542 366 1594 aut
379 1535 500 1615 scriptis
516 1532 671 1615 publicis),
687 1551 752 1594 sera
768 1535 840 1613 puni
861 1534 934 1594 d'un
949 1551 1013 1594 em-

44 1645 59 1680 «
80 1624 313 1704 prisonnement
327 1621 399 1682 d’un
414 1623 524 1683 moise
546 1640 588 1683 un
603 1639 654 1696 an,
669 1628 698 1681 et
718 1620 810 1684 d’uue
833 1621 961 1682 amende
976 1620 1015 1682 de

44 1726 58 1767 a
78 1709 158 1771 seize
172 1712 188 1770 1
202 1712 273 1789 cinq
289 1715 374 1769 cents
389 1709 508 1771 france·
524 1731 539 1767 n
971 1742 974 1747 -

78 1801 114 1858 2⁰
128 1797 233 1869 Quoad
246 1798 504 1859 circumstantiam
528 1798 642 1879 infime
660 1799 756 1860 oetatis
778 1796 859 1859 illius
879 1815 1012 1877 quocum

39 1887 157 1946 crimen
171 1885 378 1952 committitur.
395 1885 521 1947 habetur
533 1894 588 1947 art.
604 1889 658 1948 331
674 1885 792 1947 Codicis
805 1886 933 1965 poenalis
951 1903 960 1946 t

83 1997 100 2032 a
121 1977 199 2035 Tout
213 1972 347 2035 attendat
366 1977 382 2034 ai
402 1975 427 2034 la
441 1974 571 2054 pudent,
591 1976 768 2036 consumme
788 1992 827 2033 ou
848 1971 932 2033 lente
944 1991 1014 2033 sans

44 2083 58 2117 a
77 2062 215 2124 violence
229 2080 280 2122 sur
293 2061 320 2121 la
332 2078 483 2138 personne
497 2062 571 2123 d’un
584 2061 688 2122 entant
701 2061 739 2121 de
753 2060 816 2120 l'un
831 2079 870 2120 ou
886 2060 924 2119 de
938 2059 1013 2120 l'au-

44 2171 59 2206 a
78 2158 126 2211 tre
139 2169 222 2224 scae,
233 2150 289 2229 tage
298 2148 335 2210 de
351 2149 450 2210 moins
462 2150 658 2222 decumano,
668 2167 733 2210 sera
745 2148 817 2227 puni
831 2148 868 2207 de
879 2147 1015 2209 lareclu-

45 2258 59 2294 u
78 2238 158 2300 sion.
174 2260 189 2296 a
207 2239 270 2308 Qua
283 2236 407 2317 quidem
420 2256 509 2317 poena
523 2256 593 2298 reus
607 2238 636 2298 in
649 2253 770 2298 carcere
780 2236 1014 2314 perquinquen-

41 2316 127 2387 ni'um
140 2331 260 2400 saltem,
275 2344 337 2385 non
347 2333 448 2386 autem
460 2326 535 2386 ultra
545 2327 729 2387 decennium
742 2323 910 2396 detinetur;
926 2340 1015 2402 paena

40 2430 111 2484 vero
124 2414 189 2475 nec
203 2413 329 2475 habetur
344 2431 359 2472 a
377 2412 441 2491 lege
453 2413 530 2473 velut
545 2412 694 2493 efflictim
707 2424 734 2474 et
748 2413 899 2493 infamans
911 2418 931 2471 ¹.

79 2506 129 2564 59.
155 2505 233 2563 lartae
248 2508 318 2561 sunt
342 2503 466 2581 insuper
488 2519 586 2580 pafnae
609 2508 714 2562 contra
733 2521 785 2563 eos
801 2502 851 2581 qui
868 2501 964 2560 solent
977 2500 1013 2560 ad
1053 2531 1055 2535 >

40 2590 199 2654 libidinem
220 2607 380 2671 provocare
399 2589 525 2667 juvenes
540 2591 671 2670 cupieris
696 2609 786 2652 sexus
805 2595 839 2651 tlt
853 2590 942 2649 aronis
956 2590 1014 2649 mi-

42 2698 141 2742 nores.

84 2791 99 2827 a
122 2773 184 2828 Art.
201 2769 271 2828 334.
289 2766 467 2846 Quicunque
482 2785 554 2828 aura
568 2767 681 2828 attente
695 2786 754 2830 aux
769 2784 897 2838 rutenus,
912 2783 950 2826 en
965 2783 1015 2826 ex-

45 2878 61 2913 a
80 2857 185 2930 citant,
201 2849 362 2915 lavarisant
382 2873 420 2916 ou
436 2855 581 2915 lacilitant
594 2854 842 2917 habituellement
858 2855 883 2914 ln
900 2854 1014 2914 ‹leuau-

46 2966 61 3000 «
81 2944 136 3005 che
148 2961 189 3004 ou
203 2943 232 3003 la
244 2943 419 3023 corruption
432 2944 469 3002 de
484 2943 510 3001 la
520 2944 661 3020 jeunesse
673 2945 711 3004 de
727 2945 787 3005 l'un
803 2962 843 3004 ou
857 2944 895 3002 do
911 2942 1015 3003 l⁷autre

46 3055 62 3088 n
82 3049 151 3092 sexe
165 3030 351 3091 au-dessous
371 3030 408 3089 de
422 3031 591 3110 tegetem
611 3049 676 3106 ans,
692 3051 757 3092 scra
771 3031 844 3111 puni
868 3030 941 3091 d'un
957 3047 1016 3090 cm·

47 3142 62 3175 a
83 3121 311 3199 prisonnemeut
324 3117 361 3178 de
373 3122 392 3178 6
407 3120 510 3178 moise
523 3124 541 3178 2
553 3127 653 3195 ans,ot
662 3120 889 3181 d'uncamendu
903 3119 940 3178 de
953 3118 1016 3179 cin·

47 3230 62 3264 a
83 3215 192 3287 quante
202 3206 327 3271 irancsa
342 3206 421 3268 deux
436 3215 520 3267 cents
534 3207 644 3270 francs.
657 3209 687 3269 Si
697 3209 722 3268 la
732 3209 922 3288 prostitutinn
937 3225 976 3268 oo
988 3206 1016 3267 la

47 3316 62 3351 a
83 3294 289 3357 corruptione
310 3294 358 3355 etc
379 3296 509 3371 excitate,
533 3294 677 3356 larorise'e
697 3314 752 3376 par
767 3296 850 3357 leurs
872 3299 961 3374 peres
986 3301 1015 3355 et

46 3405 63 3440 a
83 3384 197 3461 meres,
221 3389 341 3444 tuteurs
361 3401 402 3444 ou
425 3391 526 3445 autres
538 3401 706 3465 personnes
728 3383 873 3464 chargees
887 3383 925 3444 de
939 3383 1015 3464 leur

47 3493 63 3528 a
85 3470 292 3546 surreillance‚
309 3469 336 3531 la
348 3471 438 3552 peine
453 3488 520 3532 aera
533 3472 572 3534 de
583 3470 662 3532 deux
677 3488 732 3531 ans
746 3473 763 3532 ia
777 3471 846 3550 cinq
856 3487 911 3530 ans
925 3471 1015 3531 d’em·

73 3675 100 3725 l.
111 3673 137 3726 l.
148 3676 208 3729 dud.
221 3673 337 3743 poenalis,
347 3679 394 3726 art.
409 3675 458 3725 'let
468 3675 513 3724 at..
562 3726 565 3729 ,
