<?xml version="1.0" encoding="UTF-8"?>
<!DOCTYPE html PUBLIC "-//W3C//DTD XHTML 1.0 Transitional//EN"
    "http://www.w3.org/TR/xhtml1/DTD/xhtml1-transitional.dtd">
<html xmlns="http://www.w3.org/1999/xhtml" xml:lang="en" lang="en">
 <head>
  <title>
</title>
<meta http-equiv="Content-Type" content="text/html;charset=utf-8" />
  <meta name='ocr-system' content='tesseract 3.04.00' />
  <meta name='ocr-capabilities' content='ocr_page ocr_carea ocr_par ocr_line ocrx_word'/>
</head>
<body>
  <div class='ocr_page' id='page_1' title='image "./derebusvenereis00craigoog_0043.png"; bbox 0 0 2384 4138; ppageno 0'>
   <div class='ocr_carea' id='block_1_1' title="bbox 198 90 846 151">
    <p class='ocr_par' dir='ltr' id='par_1_1' title="bbox 198 90 846 151">
     <span class='ocr_line' id='line_1_1' title="bbox 198 90 846 151; baseline -0.012 0"><span class='ocrx_word' id='word_1_1' title='bbox 198 90 239 151; x_wconf 75' lang='lat'>28</span> <span class='ocrx_word' id='word_1_2' title='bbox 519 100 557 145; x_wconf 82' lang='lat' dir='ltr'>nn</span> <span class='ocrx_word' id='word_1_3' title='bbox 578 99 671 146; x_wconf 81' lang='lat' dir='ltr'>nanus</span> <span class='ocrx_word' id='word_1_4' title='bbox 690 98 846 146; x_wconf 74' lang='lat' dir='ltr'>manners.</span> 
     </span>
    </p>
   </div>
   <div class='ocr_carea' id='block_1_2' title="bbox 197 214 1175 651">
    <p class='ocr_par' dir='ltr' id='par_1_2' title="bbox 197 214 1175 651">
     <span class='ocr_line' id='line_1_2' title="bbox 240 214 1175 298; baseline -0.003 -21"><span class='ocrx_word' id='word_1_5' title='bbox 240 217 431 280; x_wconf 80' lang='lat' dir='ltr'>Affirmantes</span> <span class='ocrx_word' id='word_1_6' title='bbox 453 218 484 278; x_wconf 96' lang='lat' dir='ltr'>in</span> <span class='ocrx_word' id='word_1_7' title='bbox 505 217 563 278; x_wconf 89' lang='lat' dir='ltr'>hoc</span> <span class='ocrx_word' id='word_1_8' title='bbox 585 217 690 279; x_wconf 81' lang='lat' dir='ltr'>adesse</span> <span class='ocrx_word' id='word_1_9' title='bbox 710 217 873 298; x_wconf 80' lang='lat' dir='ltr'>specialem</span> <span class='ocrx_word' id='word_1_10' title='bbox 889 216 1116 280; x_wconf 82' lang='lat' dir='ltr'>difformitatem</span> <span class='ocrx_word' id='word_1_11' title='bbox 1133 214 1175 276; x_wconf 71' lang='lat' dir='ltr'>id&#39;</span> 
     </span>
     <span class='ocr_line' id='line_1_3' title="bbox 198 304 1156 387; baseline -0.002 -21"><span class='ocrx_word' id='word_1_12' title='bbox 198 304 363 379; x_wconf 82' lang='lat' dir='ltr'>deducunt,</span> <span class='ocrx_word' id='word_1_13' title='bbox 379 314 445 366; x_wconf 86' lang='lat' dir='ltr'>tum</span> <span class='ocrx_word' id='word_1_14' title='bbox 460 325 495 367; x_wconf 85' lang='lat' dir='ltr'>ex</span> <span class='ocrx_word' id='word_1_15' title='bbox 511 313 596 386; x_wconf 83' lang='lat' dir='ltr'>parte</span> <span class='ocrx_word' id='word_1_16' title='bbox 612 306 722 386; x_wconf 89' lang='lat' dir='ltr'>puellae</span> <span class='ocrx_word' id='word_1_17' title='bbox 743 325 812 386; x_wconf 88' lang='lat' dir='ltr'>quae</span> <span class='ocrx_word' id='word_1_18' title='bbox 827 306 871 367; x_wconf 88' lang='lat' dir='ltr'>sic</span> <span class='ocrx_word' id='word_1_19' title='bbox 886 305 1049 387; x_wconf 82' lang='lat' dir='ltr'>impeditur</span> <span class='ocrx_word' id='word_1_20' title='bbox 1062 325 1078 366; x_wconf 95' lang='lat' dir='ltr'>a</span> <span class='ocrx_word' id='word_1_21' title='bbox 1089 304 1156 384; x_wconf 89' lang='lat' dir='ltr'>legi-</span> 
     </span>
     <span class='ocr_line' id='line_1_4' title="bbox 198 393 1156 475; baseline 0 -24"><span class='ocrx_word' id='word_1_22' title='bbox 198 393 273 454; x_wconf 91' lang='lat' dir='ltr'>timo</span> <span class='ocrx_word' id='word_1_23' title='bbox 289 393 483 455; x_wconf 84' lang='lat' dir='ltr'>matrimonio</span> <span class='ocrx_word' id='word_1_24' title='bbox 506 401 533 455; x_wconf 91' lang='lat' dir='ltr'>et</span> <span class='ocrx_word' id='word_1_25' title='bbox 548 394 640 455; x_wconf 84' lang='lat' dir='ltr'>invia</span> <span class='ocrx_word' id='word_1_26' title='bbox 660 395 872 457; x_wconf 84' lang='lat' dir='ltr'>meretricandi</span> <span class='ocrx_word' id='word_1_27' title='bbox 895 395 1028 475; x_wconf 89' lang='lat' dir='ltr'>ponitur,</span> <span class='ocrx_word' id='word_1_28' title='bbox 1053 401 1116 456; x_wconf 92' lang='lat' dir='ltr'>tum</span> <span class='ocrx_word' id='word_1_29' title='bbox 1128 411 1156 452; x_wconf 84' lang='lat' dir='ltr'>el</span> 
     </span>
     <span class='ocr_line' id='line_1_5' title="bbox 198 479 1156 561; baseline -0.003 -20"><span class='ocrx_word' id='word_1_30' title='bbox 198 489 282 561; x_wconf 89' lang='lat' dir='ltr'>parte</span> <span class='ocrx_word' id='word_1_31' title='bbox 307 482 401 561; x_wconf 87' lang='lat' dir='ltr'>patris</span> <span class='ocrx_word' id='word_1_32' title='bbox 428 482 480 561; x_wconf 91' lang='lat' dir='ltr'>qui</span> <span class='ocrx_word' id='word_1_33' title='bbox 508 481 546 543; x_wconf 91' lang='lat' dir='ltr'>de</span> <span class='ocrx_word' id='word_1_34' title='bbox 572 483 638 560; x_wconf 85' lang='lat' dir='ltr'>ejus</span> <span class='ocrx_word' id='word_1_35' title='bbox 663 483 800 545; x_wconf 85' lang='lat' dir='ltr'>custodia</span> <span class='ocrx_word' id='word_1_36' title='bbox 818 483 1054 545; x_wconf 86' lang='lat' dir='ltr'>sollicitudinem</span> <span class='ocrx_word' id='word_1_37' title='bbox 1081 479 1156 561; x_wconf 77' lang='lat' dir='ltr'>gerit,</span> 
     </span>
     <span class='ocr_line' id='line_1_6' title="bbox 197 568 1157 651; baseline -0.002 -23"><span class='ocrx_word' id='word_1_38' title='bbox 197 577 263 631; x_wconf 89' lang='lat' dir='ltr'>tum</span> <span class='ocrx_word' id='word_1_39' title='bbox 286 587 323 630; x_wconf 87' lang='lat' dir='ltr'>ex</span> <span class='ocrx_word' id='word_1_40' title='bbox 341 570 533 649; x_wconf 89' lang='lat' dir='ltr'>oppositione</span> <span class='ocrx_word' id='word_1_41' title='bbox 563 587 656 650; x_wconf 90' lang='lat' dir='ltr'>quam</span> <span class='ocrx_word' id='word_1_42' title='bbox 683 570 774 634; x_wconf 88' lang='lat' dir='ltr'>babet</span> <span class='ocrx_word' id='word_1_43' title='bbox 792 570 969 651; x_wconf 85' lang='lat' dir='ltr'>hujusmodi</span> <span class='ocrx_word' id='word_1_44' title='bbox 992 568 1157 633; x_wconf 69' lang='lat' dir='ltr'>concubitus</span> 
     </span>
    </p>
   </div>
   <div class='ocr_carea' id='block_1_3' title="bbox 171 657 1165 3211">
    <p class='ocr_par' dir='ltr' id='par_1_3' title="bbox 198 657 1158 828">
     <span class='ocr_line' id='line_1_7' title="bbox 198 657 1158 741; baseline -0.006 -22"><span class='ocrx_word' id='word_1_45' title='bbox 198 676 269 719; x_wconf 84' lang='lat' dir='ltr'>curn</span> <span class='ocrx_word' id='word_1_46' title='bbox 291 657 410 737; x_wconf 87' lang='lat' dir='ltr'>speciali</span> <span class='ocrx_word' id='word_1_47' title='bbox 437 658 564 731; x_wconf 84' lang='lat' dir='ltr'>virtute,</span> <span class='ocrx_word' id='word_1_48' title='bbox 590 658 767 734; x_wconf 81' lang='lat' dir='ltr'>virginitatis</span> <span class='ocrx_word' id='word_1_49' title='bbox 792 677 934 741; x_wconf 91' lang='lat' dir='ltr'>nempe:</span> <span class='ocrx_word' id='word_1_50' title='bbox 958 658 1158 739; x_wconf 85' lang='lat' dir='ltr'>specificantur</span> 
     </span>
     <span class='ocr_line' id='line_1_8' title="bbox 199 745 1120 828; baseline 0 -22"><span class='ocrx_word' id='word_1_51' title='bbox 199 745 323 826; x_wconf 90' lang='lat' dir='ltr'>quidem</span> <span class='ocrx_word' id='word_1_52' title='bbox 340 753 460 826; x_wconf 88' lang='lat' dir='ltr'>peccata</span> <span class='ocrx_word' id='word_1_53' title='bbox 474 764 527 826; x_wconf 92' lang='lat' dir='ltr'>per</span> <span class='ocrx_word' id='word_1_54' title='bbox 539 746 760 827; x_wconf 88' lang='lat' dir='ltr'>oppositionem</span> <span class='ocrx_word' id='word_1_55' title='bbox 776 747 814 809; x_wconf 89' lang='lat' dir='ltr'>ad</span> <span class='ocrx_word' id='word_1_56' title='bbox 827 748 952 810; x_wconf 88' lang='lat' dir='ltr'>virtutes</span> <span class='ocrx_word' id='word_1_57' title='bbox 967 747 1120 828; x_wconf 82' lang='lat' dir='ltr'>speciales.</span> 
     </span>
    </p>

    <p class='ocr_par' dir='ltr' id='par_1_4' title="bbox 200 833 1159 1090">
     <span class='ocr_line' id='line_1_9' title="bbox 241 833 1159 914; baseline -0.005 -18"><span class='ocrx_word' id='word_1_58' title='bbox 241 836 331 911; x_wconf 84' lang='lat' dir='ltr'>Juxta</span> <span class='ocrx_word' id='word_1_59' title='bbox 348 841 491 913; x_wconf 90' lang='lat' dir='ltr'>patronos</span> <span class='ocrx_word' id='word_1_60' title='bbox 514 833 605 913; x_wconf 91' lang='lat' dir='ltr'>hujus</span> <span class='ocrx_word' id='word_1_61' title='bbox 626 835 782 896; x_wconf 84' lang='lat' dir='ltr'>sententiae</span> <span class='ocrx_word' id='word_1_62' title='bbox 805 842 943 914; x_wconf 88' lang='lat' dir='ltr'>stuprum</span> <span class='ocrx_word' id='word_1_63' title='bbox 956 888 959 898; x_wconf 92' lang='lat'>.</span> <span class='ocrx_word' id='word_1_64' title='bbox 972 835 1159 896; x_wconf 87' lang='lat' dir='ltr'>committeret</span> 
     </span>
     <span class='ocr_line' id='line_1_10' title="bbox 200 921 1159 1003; baseline -0.002 -21"><span class='ocrx_word' id='word_1_65' title='bbox 200 923 289 982; x_wconf 87' lang='lat' dir='ltr'>etiam</span> <span class='ocrx_word' id='word_1_66' title='bbox 304 921 402 1002; x_wconf 88' lang='lat' dir='ltr'>puella</span> <span class='ocrx_word' id='word_1_67' title='bbox 415 940 484 1002; x_wconf 86' lang='lat' dir='ltr'>quae</span> <span class='ocrx_word' id='word_1_68' title='bbox 498 922 658 983; x_wconf 83' lang='lat' dir='ltr'>libidinose</span> <span class='ocrx_word' id='word_1_69' title='bbox 669 941 701 984; x_wconf 90' lang='lat' dir='ltr'>se</span> <span class='ocrx_word' id='word_1_70' title='bbox 715 923 868 1003; x_wconf 87' lang='lat' dir='ltr'>tangendo</span> <span class='ocrx_word' id='word_1_71' title='bbox 878 923 979 1002; x_wconf 87' lang='lat' dir='ltr'>digitis</span> <span class='ocrx_word' id='word_1_72' title='bbox 992 930 1043 984; x_wconf 87' lang='lat' dir='ltr'>aut</span> <span class='ocrx_word' id='word_1_73' title='bbox 1058 923 1159 982; x_wconf 92' lang='lat' dir='ltr'>instru-</span> 
     </span>
     <span class='ocr_line' id='line_1_11' title="bbox 201 1009 888 1090; baseline 0.004 -20"><span class='ocrx_word' id='word_1_74' title='bbox 201 1017 305 1074; x_wconf 85' lang='lat' dir='ltr'>mento</span> <span class='ocrx_word' id='word_1_75' title='bbox 319 1011 485 1072; x_wconf 89' lang='lat' dir='ltr'>claustrum</span> <span class='ocrx_word' id='word_1_76' title='bbox 504 1009 650 1090; x_wconf 80' lang='lat' dir='ltr'>virginale</span> <span class='ocrx_word' id='word_1_77' title='bbox 663 1011 850 1090; x_wconf 82' lang='lat' dir='ltr'>dirumperet</span> <span class='ocrx_word' id='word_1_78' title='bbox 865 1017 888 1073; x_wconf 85' lang='lat'>¹.</span> 
     </span>
    </p>

    <p class='ocr_par' dir='ltr' id='par_1_5' title="bbox 202 1098 1158 1257">
     <span class='ocr_line' id='line_1_12' title="bbox 241 1098 1158 1179; baseline -0.003 -20"><span class='ocrx_word' id='word_1_79' title='bbox 241 1099 320 1179; x_wconf 87' lang='lat' dir='ltr'>Dicit</span> <span class='ocrx_word' id='word_1_80' title='bbox 342 1106 442 1159; x_wconf 84' lang='lat' dir='ltr'>tamen</span> <span class='ocrx_word' id='word_1_81' title='bbox 464 1098 590 1160; x_wconf 87' lang='lat' dir='ltr'>Billuart</span> <span class='ocrx_word' id='word_1_82' title='bbox 609 1100 773 1178; x_wconf 78' lang='lat' dir='ltr'>‘stuprum</span> <span class='ocrx_word' id='word_1_83' title='bbox 792 1099 918 1179; x_wconf 90' lang='lat' dir='ltr'>virginis</span> <span class='ocrx_word' id='word_1_84' title='bbox 939 1100 1018 1162; x_wconf 87' lang='lat' dir='ltr'>ultro</span> <span class='ocrx_word' id='word_1_85' title='bbox 1041 1115 1158 1161; x_wconf 89' lang='lat' dir='ltr'>consen-</span> 
     </span>
     <span class='ocr_line' id='line_1_13' title="bbox 202 1185 1157 1257; baseline 0.001 -11"><span class='ocrx_word' id='word_1_86' title='bbox 202 1187 301 1248; x_wconf 90' lang='lat' dir='ltr'>tientis</span> <span class='ocrx_word' id='word_1_87' title='bbox 325 1187 435 1248; x_wconf 88' lang='lat' dir='ltr'>addere</span> <span class='ocrx_word' id='word_1_88' title='bbox 461 1192 579 1248; x_wconf 89' lang='lat' dir='ltr'>tanturn</span> <span class='ocrx_word' id='word_1_89' title='bbox 607 1185 799 1249; x_wconf 83' lang='lat' dir='ltr'>fornicationi</span> <span class='ocrx_word' id='word_1_90' title='bbox 829 1188 975 1249; x_wconf 89' lang='lat' dir='ltr'>malitiam</span> <span class='ocrx_word' id='word_1_91' title='bbox 1001 1186 1157 1257; x_wconf 87' lang='lat' dir='ltr'>venialem;</span> 
     </span>
    </p>

    <p class='ocr_par' dir='ltr' id='par_1_6' title="bbox 171 1269 1158 1796">
     <span class='ocr_line' id='line_1_14' title="bbox 171 1269 1127 1354; baseline -0.001 -20"><span class='ocrx_word' id='word_1_92' title='bbox 171 1269 179 1334; x_wconf 76' lang='lat' dir='ltr'>J</span> <span class='ocrx_word' id='word_1_93' title='bbox 202 1274 333 1354; x_wconf 83' lang='lat' dir='ltr'>huicque</span> <span class='ocrx_word' id='word_1_94' title='bbox 348 1275 484 1354; x_wconf 89' lang='lat' dir='ltr'>opinioni</span> <span class='ocrx_word' id='word_1_95' title='bbox 508 1274 661 1336; x_wconf 89' lang='lat' dir='ltr'>adhaerere</span> <span class='ocrx_word' id='word_1_96' title='bbox 675 1275 792 1337; x_wconf 91' lang='lat' dir='ltr'>videtur</span> <span class='ocrx_word' id='word_1_97' title='bbox 804 1276 865 1336; x_wconf 80' lang='lat' dir='ltr'>RR.</span> <span class='ocrx_word' id='word_1_98' title='bbox 883 1279 946 1338; x_wconf 78' lang='lat' dir='ltr'>Di).</span> <span class='ocrx_word' id='word_1_99' title='bbox 962 1275 1092 1337; x_wconf 87' lang='lat' dir='ltr'>Bouvier</span> <span class='ocrx_word' id='word_1_100' title='bbox 1106 1278 1127 1333; x_wconf 77' lang='lat'>³.</span> 
     </span>
     <span class='ocr_line' id='line_1_15' title="bbox 241 1362 1158 1426; baseline -0.004 -2"><span class='ocrx_word' id='word_1_101' title='bbox 241 1366 316 1425; x_wconf 88' lang='lat' dir='ltr'>ltem</span> <span class='ocrx_word' id='word_1_102' title='bbox 343 1362 494 1424; x_wconf 74' lang='lat' dir='ltr'>Billuart⁸</span> <span class='ocrx_word' id='word_1_103' title='bbox 516 1363 620 1424; x_wconf 85' lang='lat' dir='ltr'>asserit</span> <span class='ocrx_word' id='word_1_104' title='bbox 644 1364 825 1425; x_wconf 89' lang='lat' dir='ltr'>sententiam</span> <span class='ocrx_word' id='word_1_105' title='bbox 848 1382 1047 1426; x_wconf 86' lang='lat' dir='ltr'>communem</span> <span class='ocrx_word' id='word_1_106' title='bbox 1068 1366 1158 1425; x_wconf 87' lang='lat' dir='ltr'>contra</span> 
     </span>
     <span class='ocr_line' id='line_1_16' title="bbox 202 1450 1158 1535; baseline -0.004 -23"><span class='ocrx_word' id='word_1_107' title='bbox 202 1470 316 1533; x_wconf 86' lang='lat' dir='ltr'>paucos</span> <span class='ocrx_word' id='word_1_108' title='bbox 329 1471 395 1513; x_wconf 91' lang='lat' dir='ltr'>esse</span> <span class='ocrx_word' id='word_1_109' title='bbox 409 1451 491 1535; x_wconf 89' lang='lat' dir='ltr'>quod</span> <span class='ocrx_word' id='word_1_110' title='bbox 507 1452 663 1513; x_wconf 87' lang='lat' dir='ltr'>masculus</span> <span class='ocrx_word' id='word_1_111' title='bbox 679 1453 777 1532; x_wconf 89' lang='lat' dir='ltr'>primo</span> <span class='ocrx_word' id='word_1_112' title='bbox 792 1452 945 1516; x_wconf 82' lang='lat' dir='ltr'>fornicans</span> <span class='ocrx_word' id='word_1_113' title='bbox 960 1471 1022 1515; x_wconf 91' lang='lat' dir='ltr'>nun</span> <span class='ocrx_word' id='word_1_114' title='bbox 1037 1450 1158 1514; x_wconf 82' lang='lat' dir='ltr'>commit·</span> 
     </span>
     <span class='ocr_line' id='line_1_17' title="bbox 202 1535 1158 1621; baseline -0.005 -21"><span class='ocrx_word' id='word_1_115' title='bbox 202 1546 244 1600; x_wconf 85' lang='lat' dir='ltr'>tat</span> <span class='ocrx_word' id='word_1_116' title='bbox 258 1546 398 1620; x_wconf 89' lang='lat' dir='ltr'>stuprum</span> <span class='ocrx_word' id='word_1_117' title='bbox 406 1560 416 1614; x_wconf 78' lang='lat'>3</span> <span class='ocrx_word' id='word_1_118' title='bbox 430 1535 559 1620; x_wconf 88' lang='lat' dir='ltr'>eoquod</span> <span class='ocrx_word' id='word_1_119' title='bbox 575 1539 731 1620; x_wconf 87' lang='lat' dir='ltr'>perdendo</span> <span class='ocrx_word' id='word_1_120' title='bbox 743 1541 936 1621; x_wconf 82' lang='lat' dir='ltr'>signaculum</span> <span class='ocrx_word' id='word_1_121' title='bbox 948 1541 1097 1620; x_wconf 82' lang='lat' dir='ltr'>virginale</span> <span class='ocrx_word' id='word_1_122' title='bbox 1111 1553 1158 1599; x_wconf 89' lang='lat' dir='ltr'>non</span> 
     </span>
     <span class='ocr_line' id='line_1_18' title="bbox 197 1628 1158 1709; baseline -0.004 -21"><span class='ocrx_word' id='word_1_123' title='bbox 197 1634 334 1708; x_wconf 80' lang='lat' dir='ltr'>‚ponatur</span> <span class='ocrx_word' id='word_1_124' title='bbox 344 1629 374 1687; x_wconf 95' lang='lat' dir='ltr'>in</span> <span class='ocrx_word' id='word_1_125' title='bbox 383 1628 428 1689; x_wconf 87' lang='lat' dir='ltr'>via</span> <span class='ocrx_word' id='word_1_126' title='bbox 441 1628 663 1700; x_wconf 89' lang='lat' dir='ltr'>meretricandi,</span> <span class='ocrx_word' id='word_1_127' title='bbox 673 1634 702 1689; x_wconf 89' lang='lat' dir='ltr'>et</span> <span class='ocrx_word' id='word_1_128' title='bbox 711 1629 794 1708; x_wconf 76' lang='lat' dir='ltr'>quia,</span> <span class='ocrx_word' id='word_1_129' title='bbox 804 1634 872 1709; x_wconf 89' lang='lat' dir='ltr'>post</span> <span class='ocrx_word' id='word_1_130' title='bbox 888 1628 1054 1709; x_wconf 72' lang='lat' dir='ltr'>pubertatis</span> <span class='ocrx_word' id='word_1_131' title='bbox 1066 1643 1158 1695; x_wconf 82' lang='lat' dir='ltr'>annos,</span> 
     </span>
     <span class='ocr_line' id='line_1_19' title="bbox 204 1715 990 1796; baseline 0.003 -20"><span class='ocrx_word' id='word_1_132' title='bbox 204 1734 304 1777; x_wconf 88' lang='lat' dir='ltr'>mares</span> <span class='ocrx_word' id='word_1_133' title='bbox 316 1717 430 1796; x_wconf 85' lang='lat' dir='ltr'>absque</span> <span class='ocrx_word' id='word_1_134' title='bbox 445 1716 578 1778; x_wconf 88' lang='lat' dir='ltr'>custodia</span> <span class='ocrx_word' id='word_1_135' title='bbox 591 1717 797 1777; x_wconf 88' lang='lat' dir='ltr'>communiter</span> <span class='ocrx_word' id='word_1_136' title='bbox 809 1715 990 1790; x_wconf 82' lang='lat' dir='ltr'>discurrant.</span> 
     </span>
    </p>

    <p class='ocr_par' dir='ltr' id='par_1_7' title="bbox 204 1804 1164 3014">
     <span class='ocr_line' id='line_1_20' title="bbox 243 1804 1160 1886; baseline -0.005 -19"><span class='ocrx_word' id='word_1_137' title='bbox 243 1810 293 1868; x_wconf 81' lang='grc'>63.</span> <span class='ocrx_word' id='word_1_138' title='bbox 317 1809 467 1886; x_wconf 83' lang='lat' dir='ltr'>Negantes</span> <span class='ocrx_word' id='word_1_139' title='bbox 490 1823 560 1866; x_wconf 90' lang='lat' dir='ltr'>vero</span> <span class='ocrx_word' id='word_1_140' title='bbox 582 1805 686 1866; x_wconf 89' lang='lat' dir='ltr'>dicunt</span> <span class='ocrx_word' id='word_1_141' title='bbox 707 1806 738 1866; x_wconf 94' lang='lat' dir='ltr'>in</span> <span class='ocrx_word' id='word_1_142' title='bbox 762 1806 818 1867; x_wconf 91' lang='lat' dir='ltr'>bac</span> <span class='ocrx_word' id='word_1_143' title='bbox 838 1805 1037 1867; x_wconf 86' lang='lat' dir='ltr'>defloratione</span> <span class='ocrx_word' id='word_1_144' title='bbox 1060 1804 1160 1867; x_wconf 88' lang='lat' dir='ltr'>nullan</span> 
     </span>
     <span class='ocr_line' id='line_1_21' title="bbox 205 1893 1159 1976; baseline -0.005 -19"><span class='ocrx_word' id='word_1_145' title='bbox 205 1914 259 1976; x_wconf 89' lang='lat' dir='ltr'>per</span> <span class='ocrx_word' id='word_1_146' title='bbox 273 1913 305 1957; x_wconf 91' lang='lat' dir='ltr'>se</span> <span class='ocrx_word' id='word_1_147' title='bbox 324 1895 428 1956; x_wconf 89' lang='lat' dir='ltr'>adesse</span> <span class='ocrx_word' id='word_1_148' title='bbox 445 1893 588 1955; x_wconf 88' lang='lat' dir='ltr'>malitiam</span> <span class='ocrx_word' id='word_1_149' title='bbox 610 1901 720 1974; x_wconf 85' lang='lat' dir='ltr'>praeter</span> <span class='ocrx_word' id='word_1_150' title='bbox 734 1894 902 1974; x_wconf 89' lang='lat' dir='ltr'>simplicem</span> <span class='ocrx_word' id='word_1_151' title='bbox 921 1893 1159 1957; x_wconf 83' lang='lat' dir='ltr'>fornicationem:</span> 
     </span>
     <span class='ocr_line' id='line_1_22' title="bbox 206 1981 1162 2062; baseline -0.003 -19"><span class='ocrx_word' id='word_1_152' title='bbox 206 1983 290 2046; x_wconf 90' lang='lat' dir='ltr'>nulla</span> <span class='ocrx_word' id='word_1_153' title='bbox 301 1983 383 2044; x_wconf 91' lang='lat' dir='ltr'>enim</span> <span class='ocrx_word' id='word_1_154' title='bbox 397 1988 469 2043; x_wconf 91' lang='lat' dir='ltr'>tunc</span> <span class='ocrx_word' id='word_1_155' title='bbox 485 1981 518 2043; x_wconf 87' lang='lat' dir='ltr'>lit</span> <span class='ocrx_word' id='word_1_156' title='bbox 528 1981 638 2058; x_wconf 89' lang='lat' dir='ltr'>injuria</span> <span class='ocrx_word' id='word_1_157' title='bbox 654 2000 753 2062; x_wconf 88' lang='lat' dir='ltr'>neque</span> <span class='ocrx_word' id='word_1_158' title='bbox 775 1982 894 2061; x_wconf 78' lang='lat' dir='ltr'>virgini,</span> <span class='ocrx_word' id='word_1_159' title='bbox 910 2001 980 2062; x_wconf 86' lang='lat' dir='ltr'>quae</span> <span class='ocrx_word' id='word_1_160' title='bbox 994 1981 1091 2044; x_wconf 89' lang='lat' dir='ltr'>libere</span> <span class='ocrx_word' id='word_1_161' title='bbox 1102 1998 1162 2044; x_wconf 51' lang='lat' dir='ltr'>cona</span> 
     </span>
     <span class='ocr_line' id='line_1_23' title="bbox 204 2068 1161 2151; baseline -0.007 -19"><span class='ocrx_word' id='word_1_162' title='bbox 204 2072 304 2146; x_wconf 85' lang='lat' dir='ltr'>sentit,</span> <span class='ocrx_word' id='word_1_163' title='bbox 319 2089 418 2151; x_wconf 86' lang='lat' dir='ltr'>neque</span> <span class='ocrx_word' id='word_1_164' title='bbox 428 2070 524 2151; x_wconf 90' lang='lat' dir='ltr'>ipsius</span> <span class='ocrx_word' id='word_1_165' title='bbox 534 2070 720 2149; x_wconf 73' lang='lat' dir='ltr'>parentibus,</span> <span class='ocrx_word' id='word_1_166' title='bbox 732 2070 784 2150; x_wconf 90' lang='lat' dir='ltr'>qui</span> <span class='ocrx_word' id='word_1_167' title='bbox 797 2071 848 2149; x_wconf 86' lang='lat' dir='ltr'>jus</span> <span class='ocrx_word' id='word_1_168' title='bbox 858 2088 919 2131; x_wconf 92' lang='lat' dir='ltr'>non</span> <span class='ocrx_word' id='word_1_169' title='bbox 932 2068 1044 2131; x_wconf 88' lang='lat' dir='ltr'>habent</span> <span class='ocrx_word' id='word_1_170' title='bbox 1053 2084 1161 2132; x_wconf 89' lang='lat' dir='ltr'>conser-</span> 
     </span>
     <span class='ocr_line' id='line_1_24' title="bbox 205 2157 1161 2239; baseline -0.003 -21"><span class='ocrx_word' id='word_1_171' title='bbox 205 2161 293 2221; x_wconf 91' lang='lat' dir='ltr'>vandi</span> <span class='ocrx_word' id='word_1_172' title='bbox 309 2159 510 2239; x_wconf 87' lang='lat' dir='ltr'>integritatem</span> <span class='ocrx_word' id='word_1_173' title='bbox 527 2159 703 2236; x_wconf 82' lang='lat' dir='ltr'>virginalem</span> <span class='ocrx_word' id='word_1_174' title='bbox 712 2177 775 2220; x_wconf 84' lang='lat' dir='ltr'>suae</span> <span class='ocrx_word' id='word_1_175' title='bbox 785 2158 855 2220; x_wconf 85' lang='lat' dir='ltr'>liliae</span> <span class='ocrx_word' id='word_1_176' title='bbox 868 2158 946 2220; x_wconf 89' lang='lat' dir='ltr'>ultra</span> <span class='ocrx_word' id='word_1_177' title='bbox 960 2157 1056 2237; x_wconf 90' lang='lat' dir='ltr'>ipsius</span> <span class='ocrx_word' id='word_1_178' title='bbox 1070 2160 1161 2219; x_wconf 87' lang='lat' dir='ltr'>voluu-</span> 
     </span>
     <span class='ocr_line' id='line_1_25' title="bbox 206 2245 1161 2326; baseline -0.006 -18"><span class='ocrx_word' id='word_1_179' title='bbox 206 2256 307 2309; x_wconf 89' lang='lat' dir='ltr'>tatem.</span> <span class='ocrx_word' id='word_1_180' title='bbox 320 2248 481 2311; x_wconf 89' lang='lat' dir='ltr'>Undenam</span> <span class='ocrx_word' id='word_1_181' title='bbox 493 2247 692 2326; x_wconf 87' lang='lat' dir='ltr'>repetendum</span> <span class='ocrx_word' id='word_1_182' title='bbox 706 2254 784 2309; x_wconf 89' lang='lat' dir='ltr'>esset</span> <span class='ocrx_word' id='word_1_183' title='bbox 795 2246 969 2325; x_wconf 80' lang='lat' dir='ltr'>hujusmodi</span> <span class='ocrx_word' id='word_1_184' title='bbox 980 2245 1049 2325; x_wconf 76' lang='lat' dir='ltr'>jus?</span> <span class='ocrx_word' id='word_1_185' title='bbox 1065 2281 1102 2291; x_wconf 91' lang='lat'><em>-</em></span> <span class='ocrx_word' id='word_1_186' title='bbox 1112 2247 1161 2306; x_wconf 83' lang='lat' dir='ltr'>Nou</span> 
     </span>
     <span class='ocr_line' id='line_1_26' title="bbox 205 2334 1160 2415; baseline -0.005 -18"><span class='ocrx_word' id='word_1_187' title='bbox 205 2354 360 2398; x_wconf 84' lang='lat' dir='ltr'>excomm</span> <span class='ocrx_word' id='word_1_188' title='bbox 371 2336 439 2414; x_wconf 88' lang='lat' dir='ltr'>jure</span> <span class='ocrx_word' id='word_1_189' title='bbox 453 2335 634 2413; x_wconf 87' lang='lat' dir='ltr'>procurandi</span> <span class='ocrx_word' id='word_1_190' title='bbox 649 2353 711 2397; x_wconf 88' lang='lat' dir='ltr'>suae</span> <span class='ocrx_word' id='word_1_191' title='bbox 726 2334 1160 2415; x_wconf 83' lang='lat' dir='ltr'>prolicunvenientcs&#39;nuptias:</span> 
     </span>
     <span class='ocr_line' id='line_1_27' title="bbox 205 2421 1161 2504; baseline -0.007 -18"><span class='ocrx_word' id='word_1_192' title='bbox 205 2442 275 2486; x_wconf 86' lang='lat' dir='ltr'>oum</span> <span class='ocrx_word' id='word_1_193' title='bbox 291 2425 355 2503; x_wconf 89' lang='lat' dir='ltr'>ipsa</span> <span class='ocrx_word' id='word_1_194' title='bbox 371 2423 476 2504; x_wconf 88' lang='lat' dir='ltr'>possit,</span> <span class='ocrx_word' id='word_1_195' title='bbox 506 2423 530 2483; x_wconf 91' lang='lat' dir='ltr'>si</span> <span class='ocrx_word' id='word_1_196' title='bbox 551 2421 661 2498; x_wconf 77' lang='lat' dir='ltr'>lubeat,</span> <span class='ocrx_word' id='word_1_197' title='bbox 679 2423 793 2503; x_wconf 85' lang='lat' dir='ltr'>absque</span> <span class='ocrx_word' id='word_1_198' title='bbox 813 2423 904 2484; x_wconf 89' lang='lat' dir='ltr'>ullius</span> <span class='ocrx_word' id='word_1_199' title='bbox 919 2421 1029 2500; x_wconf 88' lang='lat' dir='ltr'>injuria</span> <span class='ocrx_word' id='word_1_200' title='bbox 1053 2434 1161 2482; x_wconf 86' lang='lat' dir='ltr'>manere</span> 
     </span>
     <span class='ocr_line' id='line_1_28' title="bbox 206 2508 1161 2593; baseline -0.002 -20"><span class='ocrx_word' id='word_1_201' title='bbox 206 2514 346 2592; x_wconf 88' lang='lat' dir='ltr'>innupta.</span> <span class='ocrx_word' id='word_1_202' title='bbox 364 2514 475 2573; x_wconf 89' lang='lat' dir='ltr'>-Nec</span> <span class='ocrx_word' id='word_1_203' title='bbox 488 2528 525 2571; x_wconf 85' lang='lat' dir='ltr'>ex</span> <span class='ocrx_word' id='word_1_204' title='bbox 539 2528 645 2572; x_wconf 91' lang='lat' dir='ltr'>eorum</span> <span class='ocrx_word' id='word_1_205' title='bbox 658 2513 726 2591; x_wconf 77' lang='lat' dir='ltr'>iure</span> <span class='ocrx_word' id='word_1_206' title='bbox 742 2510 920 2593; x_wconf 88' lang='lat' dir='ltr'>protegendi</span> <span class='ocrx_word' id='word_1_207' title='bbox 935 2517 964 2572; x_wconf 92' lang='lat' dir='ltr'>et</span> <span class='ocrx_word' id='word_1_208' title='bbox 979 2510 1120 2571; x_wconf 87' lang='lat' dir='ltr'>servandi</span> <span class='ocrx_word' id='word_1_209' title='bbox 1132 2508 1161 2587; x_wconf 81' lang='lat' dir='ltr'>ip</span> 
     </span>
     <span class='ocr_line' id='line_1_29' title="bbox 207 2591 1162 2680; baseline -0.008 -19"><span class='ocrx_word' id='word_1_210' title='bbox 207 2601 269 2662; x_wconf 90' lang='lat' dir='ltr'>sius</span> <span class='ocrx_word' id='word_1_211' title='bbox 289 2599 507 2680; x_wconf 82' lang='lat' dir='ltr'>integritatem,</span> <span class='ocrx_word' id='word_1_212' title='bbox 528 2599 553 2658; x_wconf 91' lang='lat' dir='ltr'>si</span> <span class='ocrx_word' id='word_1_213' title='bbox 575 2598 699 2678; x_wconf 91' lang='lat' dir='ltr'>quidem</span> <span class='ocrx_word' id='word_1_214' title='bbox 719 2600 770 2678; x_wconf 85' lang='lat' dir='ltr'>jus</span> <span class='ocrx_word' id='word_1_215' title='bbox 791 2599 882 2660; x_wconf 88' lang='lat' dir='ltr'>etiam</span> <span class='ocrx_word' id='word_1_216' title='bbox 903 2597 1017 2659; x_wconf 87' lang='lat' dir='ltr'>babent</span> <span class='ocrx_word' id='word_1_217' title='bbox 1038 2591 1162 2659; x_wconf 85' lang='lat' dir='ltr'>servandi</span> 
     </span>
     <span class='ocr_line' id='line_1_30' title="bbox 207 2684 1163 2768; baseline -0.005 -19"><span class='ocrx_word' id='word_1_218' title='bbox 207 2689 302 2768; x_wconf 91' lang='lat' dir='ltr'>ipsius</span> <span class='ocrx_word' id='word_1_219' title='bbox 327 2687 544 2761; x_wconf 80' lang='lat' dir='ltr'>innocentiam,</span> <span class='ocrx_word' id='word_1_220' title='bbox 567 2694 597 2748; x_wconf 91' lang='lat' dir='ltr'>et</span> <span class='ocrx_word' id='word_1_221' title='bbox 619 2692 730 2762; x_wconf 90' lang='lat' dir='ltr'>tamen,</span> <span class='ocrx_word' id='word_1_222' title='bbox 759 2687 922 2749; x_wconf 87' lang='lat' dir='ltr'>latentibus</span> <span class='ocrx_word' id='word_1_223' title='bbox 948 2684 1105 2760; x_wconf 75' lang='lat' dir='ltr'>omnibuS,</span> <span class='ocrx_word' id='word_1_224' title='bbox 1129 2685 1163 2762; x_wconf 79' lang='lat' dir='ltr'>jn</span> 
     </span>
     <span class='ocr_line' id='line_1_31' title="bbox 206 2770 1163 2855; baseline -0.008 -17"><span class='ocrx_word' id='word_1_225' title='bbox 206 2795 312 2839; x_wconf 90' lang='lat' dir='ltr'>eorum</span> <span class='ocrx_word' id='word_1_226' title='bbox 327 2794 388 2836; x_wconf 93' lang='lat' dir='ltr'>nou</span> <span class='ocrx_word' id='word_1_227' title='bbox 404 2774 537 2848; x_wconf 85' lang='lat' dir='ltr'>laeditur,</span> <span class='ocrx_word' id='word_1_228' title='bbox 551 2793 623 2836; x_wconf 87' lang='lat' dir='ltr'>oum</span> <span class='ocrx_word' id='word_1_229' title='bbox 640 2775 776 2855; x_wconf 86' lang='lat' dir='ltr'>ipsajam</span> <span class='ocrx_word' id='word_1_230' title='bbox 795 2781 939 2855; x_wconf 87' lang='lat' dir='ltr'>corrupta</span> <span class='ocrx_word' id='word_1_231' title='bbox 951 2781 1060 2854; x_wconf 90' lang='lat' dir='ltr'>sponte</span> <span class='ocrx_word' id='word_1_232' title='bbox 1085 2770 1163 2835; x_wconf 87' lang='lat' dir='ltr'>lurni·</span> 
     </span>
     <span class='ocr_line' id='line_1_32' title="bbox 207 2861 1164 2945; baseline -0.01 -18"><span class='ocrx_word' id='word_1_233' title='bbox 207 2872 310 2938; x_wconf 82' lang='lat' dir='ltr'>catur3</span> <span class='ocrx_word' id='word_1_234' title='bbox 327 2881 417 2945; x_wconf 88' lang='lat' dir='ltr'>porro</span> <span class='ocrx_word' id='word_1_235' title='bbox 432 2863 457 2923; x_wconf 89' lang='lat' dir='ltr'>si</span> <span class='ocrx_word' id='word_1_236' title='bbox 474 2863 504 2924; x_wconf 92' lang='lat' dir='ltr'>in</span> <span class='ocrx_word' id='word_1_237' title='bbox 519 2862 577 2924; x_wconf 88' lang='lat' dir='ltr'>boc</span> <span class='ocrx_word' id='word_1_238' title='bbox 591 2881 663 2924; x_wconf 86' lang='lat' dir='ltr'>casu</span> <span class='ocrx_word' id='word_1_239' title='bbox 675 2863 724 2940; x_wconf 87' lang='lat' dir='ltr'>jus</span> <span class='ocrx_word' id='word_1_240' title='bbox 738 2870 898 2944; x_wconf 91' lang='lat' dir='ltr'>parentum</span> <span class='ocrx_word' id='word_1_241' title='bbox 918 2882 979 2924; x_wconf 89' lang='lat' dir='ltr'>nnn</span> <span class='ocrx_word' id='word_1_242' title='bbox 995 2861 1115 2925; x_wconf 76' lang='lat' dir='ltr'>laeditur</span> <span class='ocrx_word' id='word_1_243' title='bbox 1125 2874 1164 2923; x_wconf 86' lang='lat' dir='ltr'>cur</span> 
     </span>
     <span class='ocr_line' id='line_1_33' title="bbox 207 2952 1115 3014; baseline -0.003 0"><span class='ocrx_word' id='word_1_244' title='bbox 207 2954 238 3014; x_wconf 94' lang='lat' dir='ltr'>in</span> <span class='ocrx_word' id='word_1_245' title='bbox 253 2952 375 3014; x_wconf 82' lang='lat' dir='ltr'>altero?</span> <span class='ocrx_word' id='word_1_246' title='bbox 558 2960 561 2965; x_wconf 83' lang='lat'>&#39;</span> <span class='ocrx_word' id='word_1_247' title='bbox 1110 3000 1115 3011; x_wconf 93' lang='lat'>.</span> 
     </span>
    </p>

    <p class='ocr_par' dir='ltr' id='par_1_8' title="bbox 208 3038 1165 3211">
     <span class='ocr_line' id='line_1_34' title="bbox 248 3038 1165 3121; baseline -0.008 -19"><span class='ocrx_word' id='word_1_248' title='bbox 248 3043 310 3102; x_wconf 88' lang='lat' dir='ltr'>Nec</span> <span class='ocrx_word' id='word_1_249' title='bbox 323 3041 435 3121; x_wconf 85' lang='lat' dir='ltr'>pariter</span> <span class='ocrx_word' id='word_1_250' title='bbox 449 3039 580 3121; x_wconf 88' lang='lat' dir='ltr'>speciale</span> <span class='ocrx_word' id='word_1_251' title='bbox 593 3046 751 3120; x_wconf 88' lang='lat' dir='ltr'>peccatum</span> <span class='ocrx_word' id='word_1_252' title='bbox 762 3039 822 3101; x_wconf 92' lang='lat' dir='ltr'>dici</span> <span class='ocrx_word' id='word_1_253' title='bbox 833 3039 923 3102; x_wconf 82' lang='lat' dir='ltr'>debet</span> <span class='ocrx_word' id='word_1_254' title='bbox 934 3038 1106 3101; x_wconf 89' lang='lat' dir='ltr'>voluntaria</span> <span class='ocrx_word' id='word_1_255' title='bbox 1117 3038 1165 3099; x_wconf 90' lang='lat' dir='ltr'>vir·</span> 
     </span>
     <span class='ocr_line' id='line_1_35' title="bbox 208 3124 1165 3211; baseline -0.004 -21"><span class='ocrx_word' id='word_1_256' title='bbox 208 3129 287 3211; x_wconf 89' lang='lat' dir='ltr'>ginis</span> <span class='ocrx_word' id='word_1_257' title='bbox 301 3129 458 3211; x_wconf 84' lang='lat' dir='ltr'>defloratio</span> <span class='ocrx_word' id='word_1_258' title='bbox 472 3146 509 3190; x_wconf 91' lang='lat' dir='ltr'>eo</span> <span class='ocrx_word' id='word_1_259' title='bbox 523 3128 618 3208; x_wconf 90' lang='lat' dir='ltr'>quod,</span> <span class='ocrx_word' id='word_1_260' title='bbox 635 3134 668 3190; x_wconf 89' lang='lat' dir='ltr'>ut</span> <span class='ocrx_word' id='word_1_261' title='bbox 678 3128 836 3190; x_wconf 88' lang='lat' dir='ltr'>contendit</span> <span class='ocrx_word' id='word_1_262' title='bbox 850 3129 911 3189; x_wconf 81' lang='lat' dir='ltr'>th.</span> <span class='ocrx_word' id='word_1_263' title='bbox 928 3128 990 3187; x_wconf 86' lang='lat' dir='ltr'>DD.</span> <span class='ocrx_word' id='word_1_264' title='bbox 1014 3127 1141 3189; x_wconf 79' lang='lat' dir='ltr'>Bourier</span> <span class='ocrx_word' id='word_1_265' title='bbox 1151 3124 1165 3195; x_wconf 79' lang='lat'>⁸,</span> 
     </span>
    </p>
   </div>
   <div class='ocr_carea' id='block_1_4' title="bbox 186 3302 740 3650">
    <p class='ocr_par' dir='ltr' id='par_1_9' title="bbox 186 3302 740 3438">
     <span class='ocr_line' id='line_1_36' title="bbox 239 3302 740 3369; baseline -0.004 -14"><span class='ocrx_word' id='word_1_266' title='bbox 239 3307 262 3356; x_wconf 89' lang='lat' dir='ltr'>l.</span> <span class='ocrx_word' id='word_1_267' title='bbox 280 3306 393 3365; x_wconf 88' lang='lat' dir='ltr'>Billuart‚</span> <span class='ocrx_word' id='word_1_268' title='bbox 404 3305 473 3366; x_wconf 75' lang='lat' dir='ltr'>tom,</span> <span class='ocrx_word' id='word_1_269' title='bbox 486 3304 542 3356; x_wconf 90' lang='lat' dir='ltr'>dico</span> <span class='ocrx_word' id='word_1_270' title='bbox 551 3305 586 3366; x_wconf 75' lang='lat'>2⁰,</span> <span class='ocrx_word' id='word_1_271' title='bbox 595 3303 698 3369; x_wconf 83' lang='lat' dir='ltr'>colliges</span> <span class='ocrx_word' id='word_1_272' title='bbox 707 3302 740 3353; x_wconf 80' lang='lat'>1⁰.</span> 
     </span>
     <span class='ocr_line' id='line_1_37' title="bbox 186 3376 646 3438; baseline 0.011 -12"><span class='ocrx_word' id='word_1_273' title='bbox 186 3386 189 3389; x_wconf 88' lang='grc'><em>·</em></span> <span class='ocrx_word' id='word_1_274' title='bbox 239 3376 263 3426; x_wconf 75' lang='grc'><strong>1.</strong></span> <span class='ocrx_word' id='word_1_275' title='bbox 281 3377 351 3438; x_wconf 77' lang='grc'><strong>1111,</strong></span> <span class='ocrx_word' id='word_1_276' title='bbox 367 3376 423 3427; x_wconf 88' lang='lat' dir='ltr'>dico</span> <span class='ocrx_word' id='word_1_277' title='bbox 436 3377 473 3426; x_wconf 79' lang='lat'>³⁰.</span> <span class='ocrx_word' id='word_1_278' title='bbox 644 3428 646 3431; x_wconf 88' lang='lat'>.</span> 
     </span>
    </p>

    <p class='ocr_par' dir='ltr' id='par_1_10' title="bbox 238 3447 672 3509">
     <span class='ocr_line' id='line_1_38' title="bbox 238 3447 672 3509; baseline -0.002 -12"><span class='ocrx_word' id='word_1_279' title='bbox 238 3448 262 3497; x_wconf 82' lang='lat'>3.</span> <span class='ocrx_word' id='word_1_280' title='bbox 279 3447 382 3498; x_wconf 84' lang='lat' dir='ltr'>Dissert.</span> <span class='ocrx_word' id='word_1_281' title='bbox 395 3448 421 3498; x_wconf 93' lang='lat' dir='ltr'>in</span> <span class='ocrx_word' id='word_1_282' title='bbox 432 3453 504 3509; x_wconf 63' lang='lat' dir='ltr'>sexta,</span> <span class='ocrx_word' id='word_1_283' title='bbox 518 3454 576 3507; x_wconf 79' lang='lat' dir='ltr'>etc,</span> <span class='ocrx_word' id='word_1_284' title='bbox 590 3450 636 3498; x_wconf 85' lang='lat' dir='ltr'>art.</span> <span class='ocrx_word' id='word_1_285' title='bbox 649 3447 672 3496; x_wconf 85' lang='lat'>³.</span> 
     </span>
    </p>

    <p class='ocr_par' dir='ltr' id='par_1_11' title="bbox 241 3518 515 3583">
     <span class='ocr_line' id='line_1_39' title="bbox 241 3518 515 3583; baseline 0.007 -17"><span class='ocrx_word' id='word_1_286' title='bbox 241 3519 264 3568; x_wconf 78' lang='grc'><strong>1.</strong></span> <span class='ocrx_word' id='word_1_287' title='bbox 283 3518 352 3578; x_wconf 72' lang='lat' dir='ltr'>lete,</span> <span class='ocrx_word' id='word_1_288' title='bbox 363 3519 467 3583; x_wconf 81' lang='lat' dir='ltr'>colliges</span> <span class='ocrx_word' id='word_1_289' title='bbox 479 3519 515 3568; x_wconf 74' lang='lat'>2⁰.</span> 
     </span>
    </p>

    <p class='ocr_par' dir='ltr' id='par_1_12' title="bbox 241 3587 448 3650">
     <span class='ocr_line' id='line_1_40' title="bbox 241 3587 448 3650; baseline 0.014 -12"><span class='ocrx_word' id='word_1_290' title='bbox 241 3590 265 3638; x_wconf 82' lang='lat'>5.</span> <span class='ocrx_word' id='word_1_291' title='bbox 282 3587 353 3650; x_wconf 76' lang='grc'><strong>11111..</strong></span> <span class='ocrx_word' id='word_1_292' title='bbox 365 3588 448 3641; x_wconf 45' lang='lat' dir='ltr'>artri.</span> 
     </span>
    </p>
   </div>
   <div class='ocr_carea' id='block_1_5' title="bbox 0 0 1209 4138">
    <p class='ocr_par' dir='ltr' id='par_1_13' title="bbox 0 0 1209 4138">
     <span class='ocr_line' id='line_1_41' title="bbox 0 0 1209 4138; baseline 0 0"><span class='ocrx_word' id='word_1_293' title='bbox 0 0 1209 4138; x_wconf 95' lang='lat' dir='ltr'> </span> 
     </span>
    </p>
   </div>
  </div>
 </body>
</html>
