2362 4094
405 262 408 265 -
441 232 535 278 curor
555 232 590 278 11.
675 258 679 263 «
947 219 1002 278 tra

29 344 304 422 personaealterius
325 347 446 419 sesus1,
462 354 527 406 ·aut
545 343 727 406 concubitus
748 344 873 406 liunrani
901 343 1004 406 haberi
1071 411 1075 420 ,

28 430 119 493 debet
128 441 163 494 ut
174 431 312 505 mortale,
339 430 396 492 nisi
423 429 508 492 tieret
532 450 550 493 e
578 431 747 512 longinquo
772 438 803 494 et
829 431 1004 495 brevissimo

30 525 243 600 temporc,aut
257 527 379 600 propter
392 520 612 594 necessitatem,
638 539 667 581 r.
696 540 727 600 g.
744 519 782 582 ad
806 520 1003 594 medendum;

29 608 102 689 quia
114 607 184 668 talis
197 613 336 687 aspectus
347 606 432 670 ralde
444 607 482 669 ad
495 607 645 669 luxuriam
661 616 822 689 provocat3
847 615 876 671 et
886 609 943 671 hoc
956 616 1004 670 te-

31 695 170 756 nendum
187 704 273 776 putat
288 698 319 757 S.
337 697 472 775 lignos,
485 703 590 757 contra
609 696 784 759 Salmantio.
800 704 830 759 et
844 696 969 759 Billuart
980 700 1004 770 ¹,

30 784 150 846 ctianrsi
184 783 305 845 abesset
341 782 509 863 p'criculum
534 784 749 846 commotionis
772 784 887 847 ratione
911 784 1007 847 aetatis

32 871 159 948 puerilis
173 879 225 933 aut
239 870 342 932 senilis
354 871 399 932 rel
413 870 528 951 frigidm
536 871 767 953 complexionis,
783 872 823 934 ob
836 873 1007 954 periculum

31 958 312 1039 concupiscendi·
383 952 386 961 '

70 1051 224 1128 aspectus
237 1055 340 1110 autem
362 1046 576 1127 pudendorum
600 1047 678 1110 inter
704 1065 849 1128 personas
871 1047 1008 1127 ejusdem

34 1154 137 1212 sexus,
147 1154 185 1196 es
192 1135 364 1197 curiositate
375 1136 420 1198 vel
430 1135 562 1209 levitate,
577 1142 610 1197 ut
619 1134 766 1219 contingit
779 1134 859 1196 inter
872 1142 1009 1197 natantes

34 1224 79 1285 vel
94 1222 261 1304 aliquando
276 1223 354 1285 inter
368 1222 554 1305 impuberes,
567 1242 628 1286 non
639 1230 719 1285 esset
728 1223 868 1297 mortale,
884 1222 1009 1285 absente

36 1399 124 1461 ualde
137 1398 175 1460 arl
191 1398 360 1460 sodomiam
381 1418 533 1480 propenso
554 1401 686 1482 supponi
703 1399 817 1479 nequit.
843 1397 902 1461 Sed
926 1397 1008 1460 diffi-

36 1487 135 1550 culter
150 1507 167 1548 a
188 1489 219 1548 S.
238 1487 360 1566 Liguor.
375 1497 569 1550 excusaretur
583 1507 600 1548 a
622 1487 740 1549 mortali
755 1487 943 1569 quicumque
955 1485 1010 1547 dc·

38 1576 165 1637 liberate
178 1575 326 1657 aspiciens
341 1575 502 1656 pulchrum
514 1574 736 1637 adolescentem
753 1574 870 1638 nudum
883 1577 905 1637 ⁸.
975 1611 981 1621 ·

79 1663 190 1725 Verius
203 1660 286 1744 putat
301 1662 381 1723 idem
400 1681 472 1725 cum
493 1664 593 1737 Croix,
615 1671 721 1725 contra
749 1663 925 1725 Salmantic.
951 1668 1011 1734 etc,

40 1750 123 1833 quod
137 1753 199 1812 non
214 1751 250 1811 sil
269 1750 447 1831 explicanda
470 1751 502 1812 in
524 1744 713 1814 confessione
727 1751 856 1832 qualitas
876 1768 1013 1831 personae
1028 1813 1029 1816 ,

39 1841 171 1920 turpiter
187 1847 326 1918 aspectas,
342 1840 399 1900 nisi
423 1839 512 1901 simul
536 1839 651 1901 adesset
677 1857 803 1920 pravum
816 1837 1012 1910 desiderium,

41 1936 163 2009 utputa
178 1927 260 2008 quod
274 1927 312 1988 sit
325 1929 390 1988 Deo
399 1933 526 2003 sacrata,
543 1928 782 2008 consanguinea,
810 1933 904 2009 nupta
921 1927 1015 2007 :quia

42 2015 217 2096 hujusmodi
232 2014 391 2096 qualitates
404 2033 466 2077 non
480 2022 550 2077 sunt
571 2016 689 2094 objecta
713 2015 837 2081 ,visionis
859 2015 1013 2096 peccami-

44 2123 140 2166 nosse.

82 2196 115 2253 S.
142 2192 314 2254 Antoninus
325 2198 355 2252 et
369 2191 471 2272 plures
484 2192 534 2254 alii
548 2192 734 2254 dicuntessc
757 2191 881 2272 quidem
899 2190 1014 2252 licitum

43 2299 97 2360 per
112 2298 145 2341 se
159 2280 294 2360 aspicere
308 2286 407 2360 partes
425 2279 568 2343 honestas
586 2297 724 2360 personas
746 2278 879 2359 pulchrae
892 2279 1016 2341 alterius

42 2388 145 2442 sexus,
163 2369 241 2430 sicut
256 2368 326 2429 licet
340 2369 475 2449 aspicere
498 2385 708 2449 quascumque
727 2386 775 2429 res
797 2366 957 2448 pulchras3
985 2367 1017 2428 in

44 2457 129 2535 prasi
144 2464 246 2518 tamen
262 2458 292 2516 S.
310 2455 472 2535 Lignorius
485 2455 656 2533 credithoc
667 2473 734 2516 raro
748 2455 885 2517 excusari
899 2473 917 2516 a
931 2454 1017 2517 reni-

43 2544 81 2607 ali
97 2545 156 2606 nisi
169 2543 220 2605 liat
234 2562 271 2606 ex
285 2543 455 2606 urbanitate
467 2552 519 2607 aut
531 2544 591 2607 alia
602 2546 683 2622 iusta
699 2562 811 2618 causa,
840 2551 870 2604 et
894 2545 1019 2624 ,ipsimet

42 2630 185 2696 auctores
200 2633 314 2713 praelati
329 2651 346 2692 a
360 2631 470 2693 veniali
486 2652 547 2693 non
561 2637 707 2694 excusant
722 2633 745 2693 si
763 2631 927 2694 diuturnus
941 2638 1019 2692 essct

43 2728 185 2801 aspectus
201 2740 209 2782 :
225 2721 288 2782 imo
302 2738 358 2783 nec
373 2739 389 2781 a
404 2712 524 2782 mortali
535 2721 559 2781 si
571 2720 742 2802 proximum
755 2725 835 2781 esset
848 2717 1019 2798 periculum

44 2810 143 2888 turpis
153 2808 471 2889 concupiscentiae,rel
485 2827 613 2869 morosae
622 2807 928 2887 delectationisquae,
934 2805 1020 2886 juxta

46 2899 77 2958 S.
90 2894 230 2978 liguor„
239 2896 348 2978 procot
360 2895 452 2957 duba'o
465 2895 576 2973 oderit,
588 2895 704 2977 quondo
714 2896 747 2955 iu
760 2893 928 2976 aspiciendo
939 2894 1021 2956 adest

45 2986 201 3045 commotio
214 2986 388 3066 spirituum,
399 2990 451 3046 aut
457 2985 481 3045 si
494 2982 736 3065 quisinordc'noto
746 3002 846 3044 urrrore
856 3000 927 3062 erga
942 2982 1031 3046 hanc,

48 3074 209 3136 mulierem
220 3080 372 3155 aspectam
385 3072 534 3134 alliciatur
549 3075 570 3135 ⁸.

79 3240 102 3290 l.
121 3239 172 3290 aa.
188 3239 237 3290 uu.
251 3239 357 3290 Bourier
370 3243 472 3288 excusat
482 3239 590 3290 nutrices
602 3238 731 3298 imortali,
743 3237 764 3288 si
775 3237 881 3288 infantes
890 3237 1020 3303 aspiciant,

48 3301 123 3352 stiam
136 3309 204 3352 extra
222 3316 306 3351 ossum
325 3301 487 3358 necessitatis,
509 3302 564 3350 sine
586 3316 658 3367 prava
670 3300 809 3351 intentione
821 3305 864 3349 aut
885 3314 963 3362 mora,
978 3301 1021 3350 sad

49 3363 158 3423 incauta,
169 3370 213 3413 aut
224 3379 254 3412 ex
264 3362 373 3413 laritatc.
388 3362 495 3421 [vidulo
506 3369 613 3424 sextum
627 3380 650 3416 c.
666 3364 690 3419 t,
704 3370 750 3412 art.
762 3362 787 3422 2,
798 3360 811 3427 fl
824 3363 859 3427 3.)

79 3425 104 3476 Ξ.
122 3426 226 3477 Dissert.
237 3427 262 3484 6,
273 3433 320 3474 art.
336 3426 374 3484 16,
382 3425 484 3488 Golltpss
493 3426 529 3475 9⁰.

28 3500 31 3507 ·
79 3488 103 3538 3.
122 3487 177 3537 lib.
198 3487 223 3547 3,
241 3499 270 3536 11⁰
283 3486 338 3537 rat.
359 3487 462 3537 Billusrt
480 3492 567 3538 causet
586 3486 722 3538 mortaliter
744 3499 847 3550 peccare
882 3491 980 3537 arentes
999 3493 1024 3535 st

50 3549 210 3615 magistratus
224 3549 267 3614 qui
277 3563 327 3599 non
339 3547 477 3619 impediunt
484 3554 527 3599 aut
539 3563 588 3599 non
596 3548 727 3619 prohibent
738 3553 824 3618 namra
833 3544 858 3595 in
867 3499 930 3596 focis
938 3547 1023 3613 publi·

51 3611 244 3728 cioswipaqubus
256 3617 369 3661 natantes
379 3624 447 3661 ceras
468 3617 597 3676 possuntt
609 3624 721 3676 personis
736 3610 826 3659 drrsnu
837 3621 922 3659 sarus.
943 3610 1022 3669 (roas,

51 3690 65 3723 r
206 3711 213 3724 .

82 3689 152 3788 los.
170 3678 282 3802 Laippum,
295 3735 339 3788 lib.
352 3734 376 3797 s,
389 3742 417 3784 a·
428 3734 482 3787 lit.
