2384 4138
191 195 232 254 36
431 192 435 201 ’
513 205 552 250 nn
572 205 666 252 ursos
686 204 841 251 vauranrs.

191 314 365 378 conditione
379 315 505 376 minimo
517 315 649 394 reputari
660 319 759 394 potest
772 314 979 394 impossibilis,
990 321 1042 378 aut
1052 313 1166 376 illicita.

191 406 267 466 Casu
292 409 393 466 autem
408 421 469 482 quo
490 402 743 481 impedimentum
766 402 952 482 ignoraverit
976 405 1033 476 vir,
1049 419 1167 483 cogno

191 494 266 555 verit
278 511 349 554 vero
359 490 469 571 puella,
484 490 557 551 dicit
569 490 705 551 Saettler¹
717 490 815 551 virum
828 509 891 552 non
904 492 1029 572 astringi
1043 498 1124 553 tunc
1136 489 1167 551 ad

192 581 353 663 petendam
367 579 635 660 dispensationem,
651 579 704 639 sed
716 578 835 640 tantum
849 578 886 640 ad
908 580 1056 641 damnum
1086 578 1169 640 aliter

192 668 430 740 resarciendum,
446 665 517 746 qu'ia
531 666 588 727 sibi
603 666 754 746 imputare
766 666 857 727 debet
873 667 972 747 puella
987 668 1011 728 si
1028 685 1092 727 non
1117 667 1167 728 du·

191 766 276 820 catur
290 757 432 837 (ideoque
445 773 506 816 non
519 755 608 816 video
622 774 678 816 cur
687 755 731 815 vir
745 754 774 815 in
789 753 846 817 hao
860 754 1016 835 hypothesi
1030 761 1170 817 teneatur

191 847 228 908 ad
245 847 392 907 damnum
412 844 498 906 aliter
525 842 784 923 resarciendum)..
805 842 891 916 Quod
912 844 936 905 si
959 845 1050 905 ambo
1070 844 1167 924 impe-

110 974 113 978 *
155 999 157 1005 ,
191 935 360 996 dimentunr
384 932 600 1012 ignoraverint,
626 949 683 992 nec
697 930 787 991 etiam
801 937 876 992 tunc
890 938 1041 1012 stuprator
1051 938 1170 992 tenetur

128 1029 131 1034 '
190 1023 227 1085 ad
243 1021 403 1103 petendam
420 1020 688 1100 dispensationem,
709 1018 766 1079 nisi
785 1019 830 1092 vi,
847 1025 928 1081 matu
943 1020 988 1080 vel
1003 1019 1062 1081 alio
1079 1017 1167 1080 modo

191 1112 303 1189 iniusto
325 1126 509 1171 consensum
524 1107 690 1180 extorserit,
709 1125 765 1168 nec
786 1108 916 1187 potuerit
929 1108 1014 1168 aliter
1029 1124 1168 1188 reparare

190 1199 337 1261 damnum
352 1214 444 1279 quam
458 1195 599 1257 ducendo
613 1201 790 1275 stupratam.
1142 1204 1145 1211 ⁴

230 1290 260 1351 Si
276 1285 436 1368 promissio
461 1283 645 1344 matrimonii
668 1281 758 1343 fuerit
772 1282 928 1357 absoluta,
953 1282 1041 1343 multi
1064 1282 1166 1347 dicunt

190 1377 272 1438 illam
287 1393 353 1437 esse
367 1371 527 1434 invalidam
543 1377 646 1451 utpote
657 1370 818 1444 illicitam;
848 1370 899 1431 sed
915 1370 964 1431 alii
980 1371 1166 1432 contendunt

189 1464 393 1527 conditionem
408 1459 528 1541 petendi
541 1458 799 1539 dispensationem
810 1476 875 1520 esse
891 1476 1013 1540 semper
1022 1458 1163 1520 subintel·

191 1555 309 1614 lectam.

230 1642 326 1718 Major
345 1644 390 1699 est
408 1636 569 1699 difficultas
583 1636 607 1696 si
621 1634 783 1715 promissio
797 1633 887 1696 luerit
907 1633 986 1706 ficta.
1004 1634 1053 1698 vel
1079 1635 1106 1696 si
1126 1634 1164 1695 vir

191 1729 318 1791 voluerit
345 1725 479 1787 absolute
516 1724 702 1806 promittere.
732 1726 819 1785 Tunc
850 1721 976 1803 quidem
1009 1723 1164 1803 promissio

192 1818 276 1879 nulla
302 1821 361 1888 est,
377 1820 480 1893 utpote
494 1814 538 1874 vel
554 1811 622 1873 licta
636 1811 684 1874 vel
703 1811 741 1873 de
767 1830 800 1871 re
821 1811 924 1873 illicita
938 1831 946 1882 3
963 1816 1004 1884 et,
1019 1811 1043 1871 si
1061 1810 1163 1872 mulier

191 1905 320 1985 poluerit
334 1902 498 1984 prudenter
524 1901 676 1983 fictionem
707 1899 863 1961 advertere
876 1945 884 1973 ,
898 1898 934 1959 ad
959 1898 1033 1959 nihil
1051 1904 1165 1960 tenetur

190 1995 259 2056 vir:
277 2010 362 2053 secus
390 1991 414 2051 si
438 1990 517 2051 hano
539 2008 600 2049 non
624 1988 721 2068 potuit
745 1987 920 2062 advertere,
944 1988 1016 2066 quia
1036 1984 1164 2049 tuncrir

190 2088 308 2143 tenetur
322 2080 359 2140 ad
384 2078 543 2160 petendam
569 2068 835 2156 dispensationem.
852 2075 882 2136 Si
911 2092 981 2135 raro
1004 2077 1164 2154 promissor

190 2169 328 2231 absolute
355 2167 527 2248 promiserit
553 2183 614 2226 non
644 2163 802 2224 advertens
829 2160 1163 2244 impedimentorum

190 2256 380 2339 culpabiliter
408 2275 469 2318 oon
494 2253 633 2327 advertit,
650 2256 680 2312 et
703 2251 812 2313 iterum
831 2257 903 2312 tunc
917 2256 1037 2311 tenetur
1048 2250 1090 2312 ad
1106 2267 1162 2311 ma-

190 2346 366 2407 trimonium
389 2344 429 2406 ob
442 2341 687 2411 fraudulentiam,
703 2340 749 2401 vel
773 2338 1007 2419 inculpabiliter,
1020 2346 1051 2398 et
1071 2340 1104 2399 in
1119 2337 1164 2398 hot

190 2453 260 2495 casu
277 2453 337 2494 non
362 2440 480 2493 torretur
505 2430 541 2491 ad
566 2427 794 2488 matrimonium
811 2428 834 2486 si
852 2444 912 2487 non
936 2427 1030 2504 possit
1050 2427 1162 2506 disper·

189 2524 336 2583 sationum
351 2521 486 2589 obtinere
507 2519 573 2578 siue
594 2517 675 2594 gravi
700 2514 905 2589 incommodo,
928 2513 980 2572 snt
993 2515 1162 2595 astringitur

189 2610 228 2672 ad
240 2610 388 2671 darianum
405 2605 683 2686 compensandum;
697 2604 759 2663 imo
774 2603 797 2663 si
811 2602 958 2662 tluutnum
970 2614 1162 2681 compensare

191 2718 252 2760 non
274 2697 363 2770 valet,
384 2696 422 2758 ad
445 2693 674 2756 matrimonium
697 2691 827 2764 tenetur,
849 2690 947 2770 posito
972 2690 1055 2768 quod
1086 2687 1163 2751 facila

191 2786 374 2868 dispensatio
393 2784 491 2866 possit
505 2781 634 2845 obtineri
648 2782 670 2840 ².

231 2879 280 2937 78.
298 2874 420 2949 Quaerit.
433 2878 466 2933 l⁰
482 2871 525 2931 rtd
535 2869 607 2950 quid
622 2873 760 2929 teneatur
773 2864 936 2927 tornicator
944 2884 1015 2944 erga
1032 2860 1163 2944 prolem‘l

232 2967 321 3045 Resp.
345 2963 398 3023 Vel
422 2960 532 3022 mulier
546 2963 654 3039 sponte
677 2955 813 3016 etlibere
832 2953 1061 3025 consensit,vel
1088 2957 1162 3012 mato

191 3053 315 3114 autalio
339 3049 429 3112 modo
452 3049 564 3126 injusto
575 3045 613 3106 ad
639 3044 755 3106 crimen
778 3041 907 3102 adducta
927 3048 994 3101 est:
1016 3041 1047 3100 in
1074 3042 1163 3119 primo

192 3160 263 3203 casu
278 3141 419 3202 seductor
437 3144 467 3197 et
481 3135 604 3196 seducta
617 3131 772 3213 aequaliter
787 3137 817 3191 et
835 3130 865 3190 in
881 3129 1011 3191 solidum
1027 3134 1163 3190 tenentur

192 3230 310 3309 prolem
333 3226 474 3299 educare,
496 3223 594 3283 donec
608 3220 664 3282 sibi
690 3217 849 3299 providere
870 3219 987 3296 possit:
1014 3217 1072 3278 boc
1088 3215 1161 3278 enirn

192 3325 238 3378 est
258 3316 395 3378 officium
418 3310 545 3384 naturae,
562 3315 591 3371 et
615 3325 703 3388 aeque
731 3311 872 3367 tenentur
900 3304 973 3366 illud
1003 3304 1161 3383 adimplere

191 3404 332 3466 seductor
356 3409 386 3463 et
406 3399 540 3473 seducta,
561 3398 632 3476 quia
647 3401 774 3474 uterque
790 3398 837 3453 est
850 3411 941 3454 causa
955 3412 1044 3472 aeque
1057 3386 1159 3474 princi·

221 3622 245 3670 l.
264 3623 292 3672 ln
305 3633 381 3685 opera
392 3631 465 3683 supra
480 3616 565 3673 citato,
579 3629 603 3679 p.
617 3613 657 3662 82.

220 3691 243 3742 9-
262 3690 288 3742 S.
303 3690 412 3753 bignon,
424 3689 495 3749 ibid.;
508 3685 627 3745 tlarriere,
640 3683 676 3735 Dc
686 3681 794 3742 toruus,
808 3694 835 3730 m
848 3680 916 3731 tato.
