2378 4102
293 157 484 209 nrssnnriric
503 160 538 209 ιι.
561 162 655 213 citur
676 159 718 212 ur.
938 148 995 214 tae

429 317 515 378 ART.
541 316 590 378 ΙΙΙ.

311 472 349 517 ΒΕ
370 471 510 518 reddaris
530 473 692 521 GONJUGUM.

52 615 125 674 301.
150 615 185 671 ln
201 610 276 671 duas
296 609 418 687 classeS,
434 615 503 690 pest
526 611 560 670 P.
575 614 657 693 Gury
672 614 693 688 ¹,
709 611 760 673 illa
779 618 899 693 peccata
914 614 995 674 redi-

24 719 142 777 gemus,
160 717 273 779 nempe
289 702 319 758 1⁰
334 699 364 758 in
386 704 502 779 patrata
525 718 579 779 per
599 718 757 761 excessum
773 719 825 761 seu
845 720 898 780 per
911 710 995 763 actus

24 787 140 849 inutiles
155 787 192 847 ad
217 786 462 865 generatiuncm3
479 791 511 847 2⁰
526 787 556 846 in
579 795 747 868 perpetrata
762 808 815 868 per
829 788 993 867 defectum,

23 886 116 937 actum
134 875 323 955 generationi
338 873 530 935 essentialem
547 894 606 935 nun
624 877 820 955 perficiendo,

477 1050 536 1130 §1-

158 1196 282 1256 Peccata
304 1192 460 1272 coujuqum
478 1213 534 1274 per
553 1213 699 1255 excessum
715 1202 849 1273 patratu.

56 1365 128 1424 302.
152 1361 221 1423 Tria
261 1361 409 1440 principia
446 1368 518 1423 sunt
551 1363 758 1442 praeponenda
789 1381 861 1424 cum
887 1361 995 1431 eodem

26 1449 51 1512 P.
68 1449 200 1530 Gury’:
982 1528 988 1540 ἱ

61 1571 77 1607 ιι
99 1547 122 1609 1.
140 1547 293 1628 Quidquid
316 1551 362 1608 est
389 1547 593 1608 necessarium
619 1546 657 1608 ad
678 1553 780 1610 actum
802 1549 995 1628 conjugalem

10 1656 11 1659 ¹
29 1629 47 1694 ι1
57 1636 289 1716 complendum,
305 1642 356 1696 aut
366 1636 438 1696 utile
453 1635 587 1698 adillum
600 1634 729 1712 facilius,
745 1637 845 1707 citius,
860 1644 910 1699 aut
924 1655 996 1716 per·

29 1747 41 1783 ιι
58 1725 167 1787 lectius
186 1723 402 1798 exercendum,
428 1730 473 1784 est
499 1724 681 1804 conjugibus
708 1724 836 1786 omnine
865 1725 992 1800 licitum.

30 1836 42 1872 ιι
60 1816 181 1874 Etenim
196 1815 248 1893 qui
262 1810 351 1874 habet
364 1813 415 1890 jus
429 1811 466 1872 ad
483 1830 558 1884 rem,
575 1812 665 1872 habet
678 1813 767 1873 etiam
778 1815 829 1891 jus
844 1812 882 1873 etl
897 1814 996 1875 media

29 1924 41 1959 ιι
60 1903 231 1962 necessaria
258 1902 304 1961 vel
332 1898 435 1973 utilia,
463 1917 520 1961 nec
544 1899 667 1960 aliunde
693 1900 844 1981 prohibita
860 1923 867 1960 ε
885 1901 996 1981 quilius

29 2011 41 2046 ι
57 1991 144 2051 'enim
163 1988 280 2051 licitum
300 1995 346 2049 est
361 1988 547 2068 principale,
565 1987 678 2050 licitum
692 1989 784 2050 etiam
798 1995 844 2049 est
857 2008 995 2051 accesso·

29 2100 42 2136 ιι
61 2079 141 2139 rium
156 2085 186 2138 et
201 2078 337 2137 medinm
352 2076 389 2137 ad
403 2076 478 2137 illud
493 2077 676 2138 ordinatum.

66 2189 81 2225 ιι
100 2166 138 2227 ll.
162 2165 314 2246 Quidquid
344 2170 389 2225 est
420 2165 559 2241 nocivum
589 2165 794 2244 generationi,
821 2172 872 2228 aut
899 2173 996 2246 petest

31 2276 44 2312 ι
62 2273 226 2334 procurare
234 2252 434 2333 pollutionem
447 2260 530 2314 extra
548 2255 797 2330 conjunctionem
813 2255 993 2327 naturalem,

32 2365 45 2400 ι
62 2350 108 2405 est
126 2344 157 2404 in
177 2343 261 2411 omni
276 2356 348 2403 casu
368 2342 496 2421 graviter
510 2343 648 2404 illicitum
665 2361 672 2400 :
687 2341 763 2402 ratic
777 2348 822 2402 est
836 2342 905 2421 quia
923 2342 997 2404 effu-

32 2453 45 2488 ι
64 2433 108 2493 sic
131 2429 300 2494 voluntaria
323 2430 448 2491 seminis
471 2441 588 2491 nonest
607 2429 688 2491 licita
714 2430 770 2490 nisi
791 2430 823 2489 in
838 2429 944 2493 ordine
958 2432 996 2492 ad

32 2541 45 2573 u
63 2522 308 2600 generationem3
322 2526 350 2578 et
361 2516 487 2597 proinde
503 2519 732 2580 matrimonium
748 2535 808 2578 nen
823 2517 872 2579 dat
884 2519 995 2598 cunju-

33 2630 46 2665 ιι
64 2610 152 2689 gibus
167 2606 342 2670 laenitatem
356 2607 413 2667 nisi
428 2606 465 2676 ad
481 2608 607 2667 seminis
621 2605 801 2668 effusionem
816 2625 884 2688 quae
903 2626 996 2688 gene-

33 2719 46 2754 «
64 2697 171 2759 rationi
186 2697 329 2757 inservire
340 2701 438 2775 potest
450 2714 457 2753 :
469 2713 556 2756 secus
566 2697 648 2756 enim
658 2694 996 2774 voluptatibushattenae

34 2807 47 2842 ιι
67 2787 238 2847 laxarentur
250 2791 281 2845 et
294 2784 413 2845 socialis
427 2784 501 2844 crde
514 2784 746 2846 subverteretur.

70 2896 85 2931 ιι
107 2876 153 2935 tlt.
176 2871 332 2951 tluidquid
354 2873 462 2933 inutile
477 2882 526 2934 aut
542 2872 718 2933 indifferens
737 2881 782 2934 est
796 2875 995 2953 generationi,

33 2985 47 3020 ι
66 2981 118 3023 seu
140 2962 178 3024 ud
199 2966 301 3023 actum
321 2960 508 3039 generationi
532 2962 717 3034 ordinatum,
732 2963 822 3022 etiem
837 2972 952 3024 remote
969 2972 998 3025 ct

35 3074 48 3108 ιι
68 3051 210 3113 indirecte
231 3047 470 3131 procurandum,
487 3051 584 3130 culpae
599 3051 671 3111 verti
694 3051 799 3129 nequit
814 3051 870 3111 nisi
887 3052 941 3112 leui
957 3072 963 3111 :
980 3071 997 3113 a

35 3162 48 3196 ιι
68 3160 125 3219 qua
146 3148 249 3201 tamen
269 3137 319 3205 alii
333 3136 409 3197 lines
429 3136 579 3214 eiusmodi
594 3136 709 3204 aclibus
726 3138 881 3200 intrinseci
902 3158 996 3201 excu-

36 3250 50 3284 ιι
68 3236 143 3302 sant,
159 3246 269 3307 nempe
284 3233 317 3287 ut
333 3223 457 3287 affectus
472 3226 639 3306 conjugalis
652 3233 787 3290 servetur
800 3246 836 3289 ac
852 3226 997 3301 leventur,

36 3337 49 3372 ιι
68 3323 96 3376 et
116 3314 364 3397 concupiscentia
385 3316 506 3375 sedetur
524 3336 530 3375 :
547 3334 623 3396 quus
645 3325 746 3376 tamen
769 3334 846 3395 epus
871 3335 932 3377 nun
955 3323 999 3377 est

36 3425 50 3461 ιι
71 3404 241 3473 intendere
258 3401 311 3465 sed
326 3401 436 3463 suflicit
449 3407 482 3463 ut
496 3404 621 3483 positive
637 3421 697 3465 nen
712 3403 923 3467 excludantur.
941 3427 955 3463 n

64 3596 281 3658 lffiQmffll

63 3667 85 3718 2.
101 3670 171 3731 idid„
185 3669 280 3745 millii.
