2378 4102
187 209 244 268 tot
510 228 548 273 na
569 228 660 273 uanus
680 227 834 275 vanuaurs.

185 337 300 418 plures,
323 359 384 402 non
409 350 486 405 esset
513 345 640 405 mortale
669 353 736 425 post
761 346 879 407 tertiam
908 348 1142 409 iraeademnooto

121 472 125 479 .
187 428 339 506 copulam,
351 437 490 509 quartam
501 451 622 512 negare.
637 435 704 494 Non
718 441 818 497 tamen
833 437 864 496 S.
879 437 1002 516 Liguur.
1017 436 1144 517 approbat

187 515 335 596 quosdam
350 521 412 581 llll.
435 528 601 582 asserentes
616 524 743 584 mortale
772 542 834 584 non
857 543 923 585 esse
934 525 1031 598 semol
1052 543 1143 605 negare

186 603 216 664 in
230 623 335 668 mense
346 607 373 668 ei
381 609 444 688 qui,
461 609 623 690 quinquies
634 619 768 688 tanturn,
784 612 893 673 eodem
908 615 1054 695 temporis
1065 613 1144 694 spatio

185 692 278 772 exigit
292 699 314 755 ¹.

217 785 279 843 Nec
290 782 422 846 creditur
432 785 523 847 etiam
533 806 659 868 peecare
669 807 746 850 uror
759 788 796 865 si,
811 789 926 871 absque
938 788 1143 850 incontinentia

186 869 330 950 periculo,
352 872 388 931 ad
417 873 506 935 breve
531 883 653 957 tempus
678 876 805 938 reddere
834 877 962 950 differat,
990 879 1027 940 ad
1041 884 1142 939 noctem

186 975 309 1039 nempe,
325 959 370 1020 vel
394 962 448 1024 sia
476 971 564 1025 noete
590 964 757 1027 dideratad
772 984 873 1027 mane.
896 969 956 1047 lpsi
972 973 1073 1028 tamen
1096 983 1141 1026 non

186 1046 418 1129 licetnegarein
436 1058 523 1112 nocte
537 1055 691 1134 copulam,
707 1054 920 1134 posthabitam
936 1056 968 1116 in
983 1056 1032 1116 die
1045 1069 1065 1115 ².

226 1140 294 1198 293.
318 1138 440 1209 Quaerit.
463 1145 496 1201 2⁰
521 1143 567 1201 An
595 1141 732 1203 debitum
759 1142 890 1223 negandi
911 1144 950 1205 sit
971 1144 1052 1221 iusta
1070 1158 1142 1204 causa

185 1226 309 1305 quando
349 1228 451 1306 plures
486 1238 652 1292 nascuntur
686 1231 739 1291 lilii
768 1250 861 1312 quarn
900 1233 1048 1312 conjuges
1078 1230 1143 1291 alera

185 1314 338 1393 possuntt
891 1367 894 1372 .

227 1404 316 1484 Resp.
346 1405 461 1467 Omnes
482 1408 645 1469 convenire
670 1427 737 1470 esse
759 1416 833 1472 tuno
854 1409 1072 1489 obligationem
1085 1406 1141 1468 red-

184 1489 275 1551 dendi
302 1492 477 1554 debitumsi
506 1494 582 1556 adsit
596 1497 627 1557 in
648 1497 743 1559 altero
765 1497 937 1579 periculum
962 1498 1140 1559 incontinen-

183 1579 242 1640 tiae.
264 1613 302 1626 -
324 1583 415 1641 Extra
441 1582 524 1645 huno
548 1602 653 1647 casum
675 1586 787 1667 duplex
803 1593 848 1646 est
861 1586 1023 1648 sententia.
1053 1585 1142 1648 Primo

187 1675 287 1747 negat,
315 1670 386 1749 quia
409 1672 579 1751 procreatio
606 1674 700 1754 prolis
728 1682 773 1735 est
788 1674 959 1755 praecipuus
976 1672 1142 1735 matrimonii

185 1755 265 1825 linis,
282 1758 330 1818 oui
358 1760 496 1839 postponi
519 1761 609 1823 debet
636 1763 763 1843 quodvis
786 1763 1036 1824 incommodum:
1053 1761 1143 1823 molius

184 1852 227 1905 est
241 1846 324 1905 enirn
340 1853 373 1908 ut
385 1847 462 1909 vivat
482 1849 582 1929 proles
597 1852 685 1933 inops
695 1871 787 1932 quam
805 1853 829 1912 si
851 1850 1027 1913 nullatenus
1040 1852 1140 1912 existat.

185 1933 330 1996 Praeterea
344 1943 397 1997 aut
409 1939 520 2015 conjux
536 1948 661 2019 negaret
674 1940 738 2013 diu,
756 1947 806 2002 aut
821 1940 1016 2001 solummodo
1030 1940 1065 2000 ad
1077 1947 1141 1999 tenr-

185 2041 258 2101 pus:
275 2023 298 2084 si
315 2023 379 2098 diu,
395 2034 560 2105 exponeret
573 2028 702 2090 alterum
714 2029 856 2110 'periculo
875 2029 1098 2089 incontinentia
1104 2047 1112 2100 3
1125 2022 1142 2084 si

184 2112 221 2172 ad
236 2119 356 2193 tempus
381 2121 512 2189 tantum,
529 2115 638 2177 frustra
660 2124 794 2197 negaret,
815 2135 886 2178 oum
901 2119 1000 2179 rarius
1018 2123 1143 2177 coeuntes

185 2200 301 2263 laoilius
315 2203 498 2282 concipiant.
509 2205 695 2266 —Seoundu
709 2205 847 2279 adiuuat,
863 2205 935 2285 quia
951 2203 1143 2285 multiplicatio

184 2288 292 2352 futurae
305 2292 397 2371 prolis
411 2292 442 2352 in
460 2291 677 2354 detrimentum
690 2294 767 2356 cedit
780 2297 843 2372 jam
863 2292 1055 2372 genitorum3
1069 2307 1143 2372 pono

184 2378 215 2438 in
231 2381 375 2442 omnibus
388 2380 497 2441 debitis
520 2400 632 2460 magna
646 2382 806 2444 difficultas
819 2401 835 2443 a
850 2380 1002 2443 solutione
1026 2387 1141 2443 excusat.

185 2467 280 2528 —Ob
303 2468 472 2547 perieulum
500 2470 741 2546 incontinentiae,
756 2470 838 2549 quod
860 2470 907 2529 vir
931 2470 1038 2530 abesse
1052 2474 1142 2549 potest,

184 2555 282 2634 prima
294 2557 443 2618 sententia
459 2559 556 2637 magis
570 2559 681 2620 arridet
699 2561 730 2619 S.
757 2557 907 2638 liguorio,
922 2556 1053 2637 ideoque
1078 2556 1142 2616 illan

183 2644 378 2723 amplectitur
392 2647 414 2706 ⁸.
427 2644 430 2653 ⁴

223 2737 292 2793 294.
318 2733 441 2804 Quaerit.
458 2737 490 2794 3⁰
504 2737 550 2794 An
565 2736 675 2813 coniux
689 2741 829 2796 teneatur
843 2734 968 2796 reddere
989 2753 1063 2797 oum
1077 2731 1142 2815 graii

184 2819 299 2882 damno
313 2840 369 2882 suo
383 2831 436 2883 aut
451 2823 565 2904 prolis?

226 2911 314 2989 Resp.
344 2914 376 2971 l⁰
399 2912 521 2973 Certum
545 2920 588 2972 est
605 2917 636 2974 1⁰
648 2912 743 2974 teneri
757 2913 904 2991 coniuges
917 2911 1143 2973 ad'reddendun

183 3016 254 3059 cum
281 2999 336 3059 levi
372 3018 428 3060 suo
455 2999 586 3060 damno:
623 3001 833 3080 praeponderat
860 2999 942 3060 enim
966 3000 1014 3061 lex
1039 2998 1143 3079 iustitia

184 3086 324 3167 obligans
338 3096 411 3149 tuno
425 3087 482 3150 sub
492 3089 573 3166 gravi
588 3090 627 3150 ob
641 3091 775 3149 materiae
788 3089 974 3169 gravitatem.
1006 3090 1048 3150 ita
1072 3104 1142 3150 auar-

184 3178 327 3238 munitor.
356 3177 453 3246 Unde,
467 3178 553 3257 juxta
573 3197 640 3258 cap.
658 3183 688 3252 2,
711 3177 886 3258 beaonjope
898 3176 1022 3257 leproso,
1043 3183 1144 3238 tenetur

183 3264 294 3343 conjux
304 3265 395 3325 etiam
411 3264 530 3344 leproso
544 3267 681 3341 reddere,
697 3266 831 3347 eoquod
853 3270 975 3345 copula,
992 3285 1063 3327 cum
1079 3261 1142 3325 brari
1172 3288 1173 3321 t

77 3382 78 3385 ¹
184 3351 246 3423 liat,
277 3369 338 3413 non
366 3351 455 3413 insert
481 3353 645 3415 imminens
679 3354 851 3417 infectionis
886 3355 1056 3433 periculum
1084 3352 1142 3436 (uon
1172 3330 1173 3395 l

115 3561 118 3567 ’
217 3562 239 3609 l.
257 3561 309 3609 Lib.
328 3562 351 3620 6,
366 3572 393 3609 n⁰
404 3562 460 3611 atu.

215 3630 239 3678 2.
259 3632 285 3679 S.
300 3631 413 3695 Liquet„
424 3631 491 3692 ibid,
506 3645 535 3681 n⁰
545 3633 600 3682 atu.

215 3699 238 3751 3.
255 3699 327 3759 tota,
345 3714 374 3749 no
386 3702 440 3760 att,
454 3708 480 3752 at
490 3704 569 3754 Homo
584 3704 681 3769 apost..
695 3711 725 3756 tr.
744 3705 875 3767 18,ηο45.
