2378 4102
80 150 88 169 ‘
187 151 247 214 238
502 167 596 214 renen
618 154 853 222 anrnannrtoun.

186 289 275 338 tactus
294 292 322 338 et
344 289 473 356 aspectus
495 292 590 358 turpes
613 285 683 341 inter
702 287 843 358 conjuges,
865 287 927 341 303.
952 289 996 342 An
1017 284 1170 344 mortaliter

186 370 281 433 peccet
303 365 403 434 conjux
425 365 542 436 turpiter
556 381 585 419 se
598 371 722 436 tangens,
734 366 795 419 304.
821 370 862 420 An
877 365 938 421 viro
961 383 991 422 se
1012 367 1171 424 retrahente

186 448 248 514 post
274 443 413 514 propriam
435 445 644 500 seminationem
664 445 749 516 possit
764 444 863 501 mulier
883 461 914 501 se
935 445 1032 501 statim
1051 447 1170 503 tactibus

186 521 306 576 excitare
327 529 358 576 ut
372 523 499 592 seminet,
516 525 577 577 306.

188 703 200 759 Ι
225 624 379 717 lenticulas.
395 630 535 701 impotens
548 638 590 686 est
603 631 650 702 qui
670 640 746 686 caret
760 639 877 703 utroque
898 632 1037 701 testiculo,
1054 635 1117 688 237.
1137 632 1165 688 V.

201 712 350 777 mpotentto.

224 808 315 866 Timet.
337 812 475 868 Describit
488 813 640 869 horrendos
651 814 875 870 masturbationis
888 816 1018 885 effeetus,
1035 818 1099 872 ⁴75.

225 915 407 974 Tridentinum
424 918 578 975 Concilium.
600 919 672 988 Quid
697 920 898 992 praescripserit
911 928 1010 976 contra
1035 921 1166 978 concubi-

162 1065 166 1071 .
188 998 279 1051 uarios
292 997 385 1067 laicos,
397 1001 441 1053 53.
455 999 527 1067 Quid
542 1006 638 1054 contra
652 999 862 1054 concubinarios
873 1000 1001 1069 clericos
1016 1001 1062 1054 et.
1102 1018 1109 1023 ·

225 1101 379 1158 Triennolis.
410 1105 585 1177 Experientia
607 1105 747 1161 triennalis
770 1106 932 1162 conceditur
954 1107 1163 1179 conjugibusin

187 1198 252 1237 casu
262 1183 541 1255 impotentiaepdubim
553 1186 616 1238 tel.

226 1287 431 1363 Turpiloquiom.
462 1293 503 1344 An
529 1298 557 1346 ot
579 1297 714 1361 quatenus
740 1292 776 1346 sit
803 1299 957 1363 peccatum.
979 1295 1042 1348 tlt.
1067 1295 1108 1347 An
1129 1293 1163 1348 sit

188 1384 296 1440 semper
310 1377 452 1440 peccatum
475 1370 589 1425 honeste
610 1370 728 1442 colloqui
751 1386 814 1425 oum
830 1371 982 1441 juvenibus
996 1371 1161 1435 mulieribus,

189 1449 250 1502 2⁴3.
268 1447 411 1516 Quodnam
426 1450 462 1504 sit
477 1457 618 1522 peccatum
630 1466 660 1505 se
667 1451 772 1521 jactare
782 1450 816 1506 de
830 1451 967 1523 turpibus,
979 1455 1042 1507 ult.

667 1712 695 1762 [I

227 1850 294 1909 Uene
326 1854 500 1909 Matrimonii.
522 1855 555 1909 V.
585 1854 705 1910 Debitum
730 1852 873 1927 conjugale.
896 1854 940 1908 An
964 1854 1098 1925 conjuges
1115 1851 1162 1908 sint

190 1932 375 2004 interrogandi
390 1933 463 1989 circa
473 1950 553 1989 usum
567 1933 744 2005 matrimonii,
758 1936 820 1988 3⁴6.

666 2199 694 2248 V

230 2358 313 2430 Volso,
327 2363 389 2417 222.

229 2468 319 2525 Velom
333 2470 531 2525 consecrationis
545 2469 692 2542 virginum.
707 2469 878 2539 Quibusnam
891 2468 982 2541 possit
999 2470 1076 2537 dari,
1089 2473 1129 2528 22.

230 2581 310 2712 Veno2.
330 2580 372 2632 An
386 2578 467 2634 liceat
479 2577 602 2632 debitum
614 2584 708 2650 petere
721 2577 763 2634 vel
779 2576 892 2633 reddere
907 2577 1005 2632 statim
1018 2592 1035 2632 a
1049 2577 1158 2634 sectione

193 2671 280 2727 venae,
312 2660 356 2712 75.

231 2762 350 2819 Venereo.
371 2765 517 2821 Cautiones
535 2764 696 2821 adhibendae
708 2765 736 2819 in
750 2763 906 2835 hujusmodi
921 2780 1015 2819 rerum
1028 2763 1124 2831 studio,
1134 2762 1153 2814 t·

192 2846 291 2900 Preces
311 2852 377 2900 tunc
396 2844 566 2915 adhibendae,
594 2849 619 2901 t.
647 2845 798 2900 Delectatio
819 2859 946 2913 venerea,
968 2862 995 2899 v.
1020 2841 1153 2900 Deleobtio.

192 2923 337 2986 Undenam
355 2924 495 2981 derivetur
510 2941 564 2980 vox
577 2939 703 2992 venerea,
720 2925 764 2978 ti.
781 2925 811 2979 V.
828 2922 956 2978 Luxuria.

233 3036 356 3097 Verondc.
372 3038 402 3093 V.
422 3034 527 3091 Tactus.

232 3148 323 3205 Vertis.
343 3144 429 3212 Quale
442 3152 586 3215 peccatum
605 3145 641 3200 sit
664 3143 793 3200 adbibere
807 3151 897 3198 vestes
915 3142 1031 3197 alterius
1050 3157 1125 3198 sexus
1135 3145 1154 3192 et

193 3220 320 3289 incedere
334 3225 465 3292 larvatus
481 3226 542 3278 232.

233 3332 361 3394 Viduolis.
384 3329 453 3398 Quid
470 3330 504 3385 sit
517 3332 628 3387 restitas
643 3330 768 3398 vidualis,
785 3334 811 3386 8.

233 3443 298 3498 Viol.
317 3443 346 3495 l'.
363 3441 499 3511 Stuprom.

236 3544 368 3602 Violentlo.
385 3545 528 3614 Quomodo
542 3542 711 3612 intelligatur
721 3542 793 3596 lecta
807 3540 962 3612 incrimine
976 3539 1076 3611 stupri,
1089 3541 1128 3595 tl.

235 3648 387 3718 Virpinolts.
405 3649 476 3717 Quid
490 3648 526 3704 sit
536 3647 648 3704 castitas
658 3645 809 3726 virginalis,
824 3648 850 3701 8.
