2384 4138
439 178 534 224 claua
554 162 587 224 rl.
966 167 1005 224 73
1054 168 1059 187 ³

17 322 34 358 r
55 297 290 361 deveniendum
314 299 370 359 erit
398 297 435 360 ed
456 299 501 361 illi
516 299 761 362 interdicendum
774 298 804 360 in
824 303 1006 379 perpetuum

17 411 34 446 o
57 406 101 448 ne
125 385 333 451 confessiones
354 386 498 466 excipiat,
512 384 733 451 substrahendo
747 405 855 450 omnes
869 394 898 448 et
912 406 1006 469 quas-

19 499 34 534 «
56 493 198 556 cumque
210 475 365 537 facultates
377 474 413 536 ad
428 475 457 536 id
474 476 611 538 muneris
623 476 722 538 eidem
736 477 826 538 etiam
841 493 894 556 per
908 476 1007 556 quod-

19 586 35 621 «
57 581 200 642 cumque
216 561 613 643 privilegium‚velaSancta
621 564 698 626 Sede
708 563 885 644 impertitas.
900 565 1008 641 Hujus

21 674 36 708 o
60 651 147 712 modi
163 651 345 738 sententiam
360 652 528 734 Episcopus
543 648 608 732 lpse
621 660 651 714 ct
667 670 728 714 non
739 652 818 714 alius
829 651 916 712 abeo
927 650 1009 712 dele-

21 746 155 819 «gatus
183 738 316 820 proferat
338 758 346 800 t
369 746 398 799 ct
423 759 478 820 pro
505 741 598 802 modo
625 741 723 820 culpae
747 746 839 820 atque
866 739 1009 801 omnibus

23 851 38 887 o
60 828 190 889 attentis
203 827 451 903 circumstantiis,
467 838 592 890 caeteras
606 847 730 909 quoque
744 846 852 909 poenas
866 846 919 889 reo
933 827 1009 887 irro·
1086 839 1090 847 '

24 940 39 974 a
61 923 138 996 get,
165 935 234 996 quae
263 917 294 976 in
318 934 411 995 supra
445 917 534 980 dictis
559 914 1010 997 pontificiis'constitutionibus

25 1028 40 1062 o
62 1005 287 1067 decernuntur.
318 1009 464 1068 Praeterea
487 1006 511 1067 si
526 1022 596 1069 reus
620 1005 650 1065 in
671 1004 785 1083 iudicio
801 1005 917 1065 crimen
937 1020 1010 1065 con-

26 1094 166 1156 rt'essus
194 1092 294 1167 luerit,
320 1112 488 1175 congruam
508 1094 597 1156 debet
620 1093 757 1154 emittere
775 1092 1008 1172 abiurationem,

26 1205 41 1241 o
64 1192 100 1244 ut
114 1200 149 1243 se
163 1181 204 1242 ita
215 1189 323 1262 purget
334 1182 373 1243 ab
383 1201 526 1263 uuquam
538 1181 677 1258 incurrit,
685 1180 807 1243 haeresis
820 1179 1008 1265 suspicione;

27 1293 42 1327 a
63 1277 98 1333 et
111 1269 171 1331 bac
185 1288 413 1350 quoquepoena
426 1270 456 1331 in
472 1271 536 1351 ipsa
551 1269 696 1333 sententia
711 1268 882 1331 mulctetur.
894 1269 1011 1329 Notan-

28 1379 44 1415 «
65 1356 145 1419 dum
159 1362 206 1418 est
220 1375 325 1436 poenas
336 1358 509 1436 huiusmodi
523 1375 630 1419 omnes
641 1364 669 1419 et
682 1358 778 1438 ipsam
791 1355 1011 1418 inhabilitatem

29 1445 107 1507 rad
130 1455 358 1508 sacrosanctum
386 1448 485 1507 missae
509 1444 693 1507 sacrificium
720 1444 951 1522 celebrandum,
978 1444 1011 1504 in

30 1557 45 1592 o
66 1532 193 1594 decreto
217 1534 330 1595 Bened.
357 1535 435 1606 XIV,
460 1533 510 1595 die
534 1537 552 1595 5
581 1552 651 1614 aug.
682 1537 758 1595 1745
787 1533 1011 1615 praescriptam,

31 1644 46 1679 o
67 1639 137 1683 esse
166 1627 284 1683 tanturn
310 1621 443 1683 serendae
466 1622 635 1699 sententiae.
660 1621 882 1684 Abstinendum
909 1629 1012 1682 tamen

32 1733 47 1766 «
68 1709 128 1770 erit
142 1709 181 1771 ab
193 1708 357 1790 infligenda
370 1710 586 1791 degradatione
600 1717 628 1772 et
639 1710 799 1772 traditione
817 1710 940 1772 brachio
959 1728 1013 1772 sae-

34 1820 50 1856 a
71 1798 181 1860 calari.
195 1798 228 1859 ld
241 1799 326 1860 enirn
336 1818 353 1859 a
362 1799 507 1880 Gregorio
517 1801 569 1860 XV
580 1805 724 1861 statutum
734 1798 805 1861 luit:
821 1806 965 1861 oaeterurn
975 1798 1013 1858 ad

35 1909 50 1944 a
70 1893 221 1948 terrorem
236 1888 335 1967 potius
343 1888 519 1969 impositum
534 1886 639 1950 baberi
652 1887 741 1950 debet
754 1905 846 1969 qnam
862 1895 895 1950 ut
905 1904 1014 1949 execu-

36 1997 51 2033 v
72 1975 150 2036 troni
166 1974 356 2037 mandetur¹.

77 2095 93 2131 «
116 2075 169 2133 l3⁰
184 2073 241 2145 Qui
257 2072 350 2134 nullis
360 2073 487 2136 omnino
501 2092 591 2155 super
601 2072 797 2136 hoocrimine
807 2071 1013 2135 denuntiatio-

37 2184 52 2218 r
74 2160 176 2232 nibus,
194 2161 378 2224 conscientia
387 2161 631 2237 victi‚0rdinario
645 2161 703 2223 loci
713 2160 816 2242 ejusve
829 2161 967 2243 delegato
980 2181 1013 2224 se

37 2271 53 2307 a
74 2249 198 2322 sistunt,
215 2256 329 2328 patrata
351 2268 414 2312 ase
433 2249 653 2312 sollicitationis
667 2247 779 2328 flagitia
794 2255 902 2330 sponte
918 2248 1012 2311 confi-

38 2361 54 2395 «
76 2344 178 2398 tentor
193 2345 221 2398 et
235 2338 353 2400 veniam
367 2344 491 2418 petunt,
513 2336 621 2398 dimitti
645 2336 759 2399 debent
783 2354 855 2398 cum
877 2355 1012 2421 congrua

38 2448 56 2484 «
76 2425 265 2503 abiuratione
278 2432 309 2487 el
322 2426 508 2506 poenitentiis
528 2425 674 2488 duntaxat
687 2423 880 2501 salutaribus,
895 2424 1013 2501 adjecto

39 2537 56 2572 a
77 2514 205 2576 oonsilio
219 2515 264 2575 vel
281 2512 431 2595 precepto
445 2521 478 2576 ut
490 2514 528 2576 ab
542 2512 727 2593 excipiendis
739 2529 939 2595 personarum
954 2513 1012 2575 sol-

40 2626 57 2662 o
77 2601 256 2664 licitatorem
269 2603 361 2665 sacris
370 2601 611 2664 confessionibus
623 2620 655 2662 se
662 2602 833 2663 abstineant
845 2621 851 2658 :
864 2619 920 2662 nec
926 2608 1012 2665 caete

41 2714 57 2750 a
77 2690 119 2752 ris
133 2691 231 2770 poenis
253 2690 463 2766 comedistis,
483 2690 696 2753 accedentibus
722 2689 792 2751 licet
817 2689 1012 2772 postmodum

41 2802 58 2837 o
77 2777 360 2842 denuntiationibus
383 2778 561 2842 afficiantur.
580 2778 637 2851 Qui
659 2796 729 2840 vero
744 2778 902 2860 iudiciaria
916 2778 1012 2841 forma

41 2890 57 2925 a
71 2867 137 2946 jam
153 2867 308 2947 preventi,
324 2867 377 2929 sed
391 2867 528 2929 nondum
543 2866 636 2944 citati,
652 2884 706 2929 sua
720 2874 828 2947 sponte
843 2885 875 2928 se
886 2867 1010 2941 sistant;

43 2979 58 3014 o
77 2962 108 3016 el
120 2955 276 3036 lipariter,
294 2974 372 3037 quos
390 2957 545 3018 veritatem
569 2974 631 3025 uon
646 2955 795 3036 integram
810 2955 862 3017 scd
874 2955 1012 3019 diminu-

44 3066 59 3102 α
77 3050 140 3105 tarn
155 3045 186 3104 in
206 3051 373 3124 spontanea
387 3045 575 3125 apparitione
589 3044 744 3106 confessos
757 3061 822 3105 esse
836 3044 1013 3108 Ordinarius

44 3155 59 3190 o
80 3132 148 3207 loci,
164 3149 202 3193 ex
216 3133 346 3213 acceptis
358 3140 460 3213 postea
477 3132 756 3195 denuntiationibus
769 3131 1010 3214 deprehenderit,
1083 3189 1086 3195 ,

45 3243 59 3278 a
80 3219 421 3302 beneficioimpunitatis
436 3239 497 3282 non
506 3220 669 3302 gaudeant,
684 3228 891 3283 verumtamen
905 3240 960 3302 pro
973 3223 1013 3304 ip·

45 3331 59 3365 a
79 3310 140 3370 sius
155 3308 305 3371 Ordinarii
323 3308 481 3389 prudentia
495 3309 600 3370 mitius
616 3309 790 3390 puniantur.

71 3530 92 3580 l.
111 3520 185 3578 altit.
198 3542 238 3592 op.
252 3527 292 3577 cit.
303 3542 325 3577 c.
339 3527 377 3586 15,
391 3541 415 3576 n.
429 3524 459 3575 la
472 3532 497 3576 et
508 3525 600 3576 Rauad.
616 3525 674 3589 xlv,
688 3527 713 3577 in
733 3529 825 3594 privata
842 3526 960 3594 Epistola,
973 3529 1014 3582 dia

42 3601 224 3740 armam
236 3598 307 3659 lita,
326 3599 382 3649 data
402 3598 433 3648 ad
452 3597 637 3655 Emmanuelem
659 3598 689 3651 de
709 3601 828 3680 taevcdc',
850 3601 875 3651 S.
898 3600 920 3650 J.
940 3616 1013 3667 pror-

937 3769 952 3819 3
