2362 4094
169 151 224 212 tm
483 163 522 208 uu
542 163 636 210 arvus
656 162 810 210 vanunms.

205 278 275 339 200.
299 277 404 350 Porro,
417 275 502 354 juxta
515 272 658 337 eumdem
673 275 719 356 (ηο
732 274 777 356 8),
792 272 830 338 ad
843 273 1037 357 repellendas
1053 280 1155 339 tenta·

165 365 264 428 tiones
273 364 408 427 carnales
421 361 654 446 pseudomeni,
665 362 879 445 valdeprodest
892 369 995 445 partes
1008 382 1155 428 eommo-

165 460 211 515 tas
223 451 354 515 vestibus
378 456 479 533 legera
492 470 528 514 ac
542 451 764 533 comprimere:
780 451 877 533 quood
900 460 1026 514 mentem
1047 454 1154 516 endo

112 570 114 574 >
165 560 304 603 romanu
315 539 562 623 praeservandam,
579 539 701 621 prodest
710 542 784 602 sane
798 539 938 621 cogitatio
947 539 987 602 de
1001 540 1154 605 Passione

168 631 196 694 J.
213 630 260 703 0.,
275 627 316 692 de
338 628 437 710 poenis
459 627 580 702 interni,
606 628 645 691 de
669 635 778 703 morte,
794 633 881 702 etr..‚
907 628 960 690 sed
973 630 1153 708 praesertim

165 719 271 797 iuvant
284 718 446 791 orationes,
458 716 544 794 juxta
563 717 653 779 verba
665 715 749 797 Sap,
764 735 792 778 o.
809 719 839 788 8,
852 736 879 778 v.
899 716 950 778 21.
966 717 1014 777 Et
1025 718 1154 780 maciei

170 807 308 887 qnonr'am
324 805 418 867 aliter
436 824 496 865 non
512 823 626 885 possem
639 824 696 866 esse
714 804 864 865 continens
877 804 940 864 nisi
953 804 1031 866 nens
1044 804 1150 881 det...,

169 894 234 955 odii
249 894 419 969 Dominum,
430 893 765 974 etdrprecatnasnm30t
775 892 908 954 maxime
922 891 1042 954 larveus
1063 900 1152 957 actus

169 984 284 1047 amoris
293 1001 365 1063 erga
373 985 477 1048 Deum
486 989 516 1044 ot
533 984 721 1063 propositum
738 986 864 1042 mortem
880 979 980 1060 potius
991 979 1150 1043 subeundi

169 1089 262 1152 quam
276 1070 433 1153 peccandi
460 1070 642 1132 Prodestt
611 1069 702 1131 etiam
726 1075 859 1131 mentem
883 1067 921 1131 ad
944 1069 1002 1132 alia
1027 1067 1151 1148 objecta

170 1177 241 1240 quae
255 1159 386 1221 maxime
397 1158 533 1221 offioiunt
547 1158 705 1221 divertere

210 1260 278 1320 Non
305 1263 470 1320 esttamen
495 1255 639 1337 obligatio
661 1256 796 1319 motibus
820 1213 993 1317 carnalibus
1020 1256 1150 1336 positive

171 1345 340 1419 resistendi
356 1346 380 1429 ⁸l
404 1347 482 1424 iusta
507 1344 585 1407 adsit
612 1363 673 1405 non
688 1343 854 1445 repellendi
869 1361 971 1417 causa,
987 1361 1103 1424 nempe
1124 1345 1148 1405 si

171 1435 240 1515 quis
261 1443 403 1514 expertm
429 1435 467 1494 sit
483 1432 651 1495 resistendo
671 1433 768 1513 magis
785 1438 887 1494 motus
910 1429 1046 1507 excitari,
1063 1431 1148 1493 vel
1125 1451 1148 1494 ar

172 1522 228 1603 ipsi
243 1518 410 1602 proredant
422 1538 458 1582 ex
471 1523 589 1582 actione
601 1521 768 1582 necessaria
786 1520 834 1582 vel
850 1518 914 1581 utili
931 1539 939 1580 :
955 1526 1002 1580 sat
1014 1526 1062 1581 est
1076 1528 1149 1581 tum

173 1609 309 1690 negative
322 1627 355 1671 se
368 1608 480 1671 habere
492 1628 564 1672 oum
579 1609 668 1672 firmo
679 1610 834 1690 proposito
846 1625 1005 1689 uunquam
1021 1625 1149 1669 consen-

173 1695 266 1760 tiendi
274 1717 285 1771 ;
309 1697 444 1760 venialis>
460 1704 562 1760 tamen
588 1699 680 1778 eulpa
693 1697 750 1759 erit
763 1698 788 1758 si
806 1695 976 1758 resistentia
986 1696 1023 1757 sit
1033 1695 1146 1776 lepida.

177 1808 192 1845 n
213 1788 326 1849 Verum
339 1784 1011 1869 Groirr,etc...‚utrertumsupponitquod...,
1023 1783 1148 1864 quando

178 1897 193 1932 n
213 1873 397 1937 tentatiodiu
412 1874 513 1950 durat,
524 1880 555 1937 el
564 1875 655 1937 nimis
665 1874 827 1937 molestum
838 1873 914 1935 loret
925 1872 1040 1955 jugiter
1047 1879 1148 1935 motus

178 1985 193 2021 n
214 1960 339 2045 positive
354 1964 512 2045 repellere,
529 1963 647 2025 nullum
659 1969 818 2044 peoeotum
832 1962 870 2023 sit
888 1979 940 2022 eos
961 1960 1145 2042 permittere,

178 2074 194 2108 o
214 2051 352 2132 negative
364 2070 397 2115 se
410 2051 560 2126 habendo,
575 2053 662 2113 etsie
675 2051 774 2113 fauere
786 2049 927 2113 consulit.
943 2053 1087 2113 Toum...
1103 2048 1147 2109 his

178 2162 194 2197 r
214 2139 266 2222 qui
280 2145 352 2203 suut
365 2141 512 2203 timorata
525 2139 718 2202 eonscientiae
733 2144 754 2202 ¹.
770 2161 786 2196 n

565 2369 712 2422 PUNCTUll
729 2368 758 2419 ll.

323 2534 352 2571 ull
371 2533 491 2574 usmarus
507 2531 620 2572 vaculus
634 2526 748 2570 luxuum
763 2527 810 2569 uolt
827 2527 1004 2567 CONSUNMAE.

107 2716 110 2721 ⁴
215 2698 283 2756 aot
308 2696 388 2757 lotar
413 2691 590 2771 hujusmodi
626 2697 750 2771 peccata
779 2692 976 2749 recensentur
1009 2689 1144 2765 aspertus

177 2783 333 2866 impudici,
348 2781 464 2857 oscula,
489 2787 596 2856 taetus,
611 2777 855 2841 verbaobsooena
859 2773 1044 2856 ‚spectacula
1059 2770 1144 2833 inlro-

179 2883 274 2949 nesta
286 2872 458 2934 saltationes
471 2876 500 2932 et
514 2877 638 2932 ornatus
647 2867 865 2930 mulierum.

447 3094 510 3145 1.-
521 3093 555 3145 lla
571 3091 713 3158 aspectibus
730 3086 870 3155 impudicis

219 3259 289 3318 202.
315 3257 461 3337 llspeotus
474 3252 680 3335 quicumque
705 3249 796 3312 etiam
809 3247 839 3308 in
855 3265 887 3307 se
903 3236 1140 3312 honestiores

180 3343 464 3427 marrimandum,
480 3348 552 3404 sunt
563 3348 645 3404 uerte
659 3345 781 3421 peceato
796 3335 943 3398 mortalia.

220 3438 373 3523 Quidquid
386 3439 489 3507 dream
500 3440 593 3519 CaJet
605 3440 764 3499 etNav.arr
771 3439 929 3515 aspectus
941 3424 1139 3512 pudendorum

213 3654 237 3702 l.
255 3655 281 3703 S.
299 3654 407 3718 liquor..
420 3656 487 3713 ibid,
501 3668 530 3705 nv
540 3656 565 3706 0.
