2378 4102
299 162 494 213 mssuararro
512 167 560 212 111.
583 164 686 212 carm.
710 166 733 210 r.
944 151 1001 212 l85

11 290 31 347 l·
49 280 116 340 Nec
132 279 233 340 etiam
248 278 338 341 matri
356 279 458 341 liceret
480 279 585 342 ioetum
600 278 761 358 expellere,
776 279 817 340 ob
832 279 1002 360 periculum

11 382 50 427 are
75 367 246 430 occidatur
268 369 364 447 ipsae
386 368 567 449 propinquis
582 372 634 428 aut
651 365 835 428 infametur:
861 368 1003 429 damnata

11 453 96 517 actm
112 456 179 516 fuit
192 457 232 516 ab
253 452 361 517 Innoc'.
378 459 418 517 Xl
433 456 597 537 propositio
622 459 661 517 34
674 499 682 531 ‚
697 455 741 516 sic
765 455 901 518 habens:
918 455 1003 517 Licet

11 550 188 621 procurare
209 543 348 605 obortum
372 553 442 606 onte
469 543 684 606 obturationem
709 543 807 623 foetus,
822 564 857 606 aa
883 544 1000 625 puella,

15 629 203 717 deprebensa
217 633 353 712 prouida,
369 632 521 694 occidatur
535 642 591 695 aut
610 632 783 712 infametur.
800 633 903 695 Foelus
921 634 1002 694 enim

16 734 75 779 non
101 727 154 781 est
179 738 319 799 egressor
344 737 398 800 per
426 740 470 797 se,
486 720 537 782 sed
564 728 685 782 tantum
707 739 761 800 per
783 721 945 792 accidens;
974 731 1003 782 et

14 809 165 886 quamvis
177 810 292 888 cuique
304 810 341 869 sit
354 809 469 872 licitum
483 809 630 890 injustum
642 810 709 870 vitae
723 827 912 890 agressorem
926 810 1006 872 occi·

16 894 100 970 dere,
117 897 243 957 nemini
264 904 367 958 tamen
382 896 455 960 licet
469 897 601 977 aliquem
616 896 754 959 occidere
773 915 811 958 ne
825 897 863 958 ab
879 897 1004 959 inimico

17 985 195 1047 occidatur.
905 1012 907 1021 r

52 1074 100 1133 Ex
131 1073 227 1135 dictis
250 1073 437 1137 admittenda
452 1091 514 1135 non
534 1073 653 1136 videtur
676 1073 823 1135 sententia
851 1073 1003 1135 Sanchezii

16 1158 154 1223 dicentis
169 1180 259 1243 posse
270 1163 431 1224 mulierem
444 1165 461 1223 a
473 1163 538 1224 viro
547 1161 889 1242 oppressamexpellere
901 1162 1006 1223 incon·

17 1247 156 1311 licenter
179 1268 284 1313 semen
301 1258 456 1332 receptum
472 1249 509 1311 ad
529 1250 681 1312 vitandam
700 1250 854 1312 intamiam
869 1269 876 1309 ε
893 1250 1004 1310 namsi

18 1334 75 1398 hoc
87 1338 154 1419 ipsi
170 1339 391 1419 liceret,posset
400 1340 514 1420 pariter
528 1338 602 1400 illud
611 1356 717 1401 semen
730 1338 1003 1420 posteaexpellere‚

19 1425 100 1502 quod
128 1430 338 1489 communiter
363 1437 392 1488 ct
418 1429 456 1488 ab
477 1428 607 1507 ipsomet
621 1427 786 1489 Sancbezio
806 1427 947 1506 rejicitur.
965 1460 1003 1470 -

20 1512 364 1578 Liceret-solummodo
387 1517 507 1578 mulieri
537 1517 563 1577 vi
593 1534 746 1597 oppressae
779 1534 811 1578 se
836 1522 952 1578 vertere
975 1520 1005 1575 et

21 1603 139 1665 coitum
164 1605 397 1686 interrumpere,
407 1605 544 1686 quamvis
558 1623 663 1667 semcn
677 1606 733 1666 viri
747 1611 825 1667 esset
840 1603 1003 1667 effunden-

21 1687 96 1752 dum
110 1697 201 1754 extra
214 1712 277 1755 vas.

58 1782 134 1842 321.
162 1781 284 1854 Quaerit.
312 1787 346 1843 2⁰
362 1785 406 1842 An
432 1781 519 1842 matri
546 1781 636 1843 liceat
661 1782 861 1862 pharmacum
884 1799 1004 1843 sumere

21 1865 57 1925 ad
66 1867 188 1944 directe
202 1870 372 1933 sanandum
385 1869 541 1943 morbum,
551 1870 604 1931 sed
613 1870 800 1931 cumtimore
810 1869 1005 1950 probabiliter

22 1950 155 2018 tundalo
169 1975 208 2018 ue
221 1958 330 2020 exinde
345 1957 491 2020 indirecte
505 1962 650 2038 sequatur
672 1958 795 2019 abortus
819 1956 908 2019 foetus
934 1957 1004 2019 ani-

22 2044 121 2104 mali?
756 2044 760 2050 “

61 2133 158 2215 Resp.
174 2137 338 2214 Nunquam
354 2135 423 2199 licet
445 2136 588 2198 adhibere
611 2134 782 2197 remedium
808 2133 922 2195 directa
936 2138 1002 2194 ten-

23 2216 99 2283 dens
129 2222 169 2284 ad
193 2223 284 2285 toetus
311 2225 435 2285 animati
453 2224 656 2297 ‘occisionem
674 2226 745 2303 quia
760 2238 920 2301 nunquam
936 2221 1004 2283 licet

27 2304 139 2374 directe
163 2312 302 2381 occidere
317 2312 526 2387 innocentem3
542 2313 680 2374 illicitum
695 2317 741 2372 est
753 2328 826 2391 ergo
840 2309 1005 2372 dilacerare

26 2402 161 2468 uterum,
180 2406 340 2480 percutere
356 2409 506 2474 ventrem,
522 2399 698 2480 transfigere
712 2400 831 2471 toetum,
845 2403 902 2459 etc.
921 2399 1004 2459 -Si

28 2491 128 2550 autem
144 2488 316 2550 remedium
328 2489 441 2551 directe
456 2489 563 2550 tendat
577 2489 613 2550 ad
629 2488 808 2550 servandam
822 2487 915 2554 vitam
936 2505 1004 2551 ma·

28 2572 89 2651 uis,
103 2583 139 2639 ul
154 2576 261 2640 scissio
275 2597 370 2651 venae,
388 2578 507 2655 balnea,
523 2577 675 2658 purgatio,
689 2584 762 2650 etc,
779 2582 854 2637 tuuc
876 2575 934 2650 vol,
950 2592 1003 2656 pe²

28 2673 134 2739 repnte
148 2671 256 2742 matre,
273 2674 319 2727 cst
332 2665 488 2727 moraliter
501 2672 619 2728 certum
644 2666 761 2746 prolem
783 2682 845 2725 non
868 2664 932 2727 tore
951 2683 1004 2727 su-

29 2755 195 2828 perstitem,
212 2773 269 2816 nec
283 2754 387 2816 adesse
398 2772 483 2834 spem
496 2754 580 2834 quod
592 2753 689 2815 valeat
704 2753 863 2833 baptizari,
875 2753 919 2815 vel
935 2772 1004 2835 spes

29 2849 164 2933 reinanel
178 2842 262 2922 quod
276 2843 445 2920 supervivat
459 2848 489 2904 et
503 2842 688 2924 baptismum
704 2843 797 2922 possit
811 2842 838 2904 ei
854 2841 1000 2904 conferri:

29 2942 58 2986 ln
67 2932 172 3009 primo
187 2951 267 3004 cocu,
282 2931 488 2992 communiter
504 2937 625 2993 tenetur
640 2948 727 3010 posse
740 2935 870 2992 matrem
883 2949 1004 2993 sumere

28 3012 145 3082 dictum
160 3019 343 3095 remedium,
356 3020 427 3100 quia
437 3019 493 3100 ipsi
507 3020 590 3093 licet,
606 3019 668 3080 imo
677 3025 708 3080 et
719 3026 838 3081 tenetur
852 3019 1005 3100 propriam

30 3103 118 3169 vitam
135 3127 265 3182 servare,
278 3125 348 3170 cum
371 3109 415 3169 sic
437 3108 556 3187 agendo
570 3108 697 3169 minime
715 3113 823 3170 noceat
834 3107 921 3188 proli,
935 3125 1004 3187 quae

30 3191 150 3258 aliunde
165 3197 347 3276 supponitur
359 3205 442 3258 certo
458 3196 614 3260 moritura.
631 3195 717 3268 Quod
732 3202 846 3270 autem,
858 3195 898 3257 ait
910 3197 940 3257 S.
951 3196 1003 3256 Li-

32 3297 130 3358 guor„
145 3299 209 3345 non
231 3302 297 3346 esse
321 3279 501 3371 scrupulose¹
520 3285 734 3366 inquietandos
757 3283 903 3361 medicos,
918 3283 1005 3346 facile

32 3365 202 3448 huiusmodi
215 3372 377 3453 pharmaca
390 3366 575 3453 praestantes,
587 3391 624 3433 eo
636 3372 716 3452 quod
724 3371 1003 3451 probabilissimum

33 3455 227 3539 sit,pereunle
236 3465 343 3530 matre,
352 3461 468 3540 prolem
479 3479 540 3521 non
548 3478 614 3522 esse
624 3461 873 3540 supervicturam,
883 3478 944 3520 non
956 3478 1004 3522 me

33 3541 106 3609 bene
119 3547 281 3621 convincit,
296 3565 369 3608 cum
390 3548 574 3626 experientia
586 3553 714 3623 constet,
726 3553 762 3611 ul
775 3546 884 3615 dicturi
897 3566 1006 3619 sumtis

33 3628 336 3718 inflammaretur
346 3632 519 3714 frequenter
530 3635 650 3696 evenire
659 3636 742 3714 quod
751 3637 851 3712 foelus,
859 3651 1004 3720 pereunte
