2384 4138
464 179 558 226 aanor
578 183 600 227 1.-
998 169 1017 228 3

42 299 176 380 pulchre
187 298 334 370 mulieris,
347 302 401 359 aut
414 316 450 359 ex
465 297 601 360 amicitia·
609 315 747 378 personae
759 296 799 357 ob
813 295 939 358 eximias
950 297 1018 377 ejus

40 388 127 451 dotes
155 389 247 448 etiarn
272 387 519 467 supernaturales
554 387 687 466 primum
718 384 849 446 dilectae.
874 385 961 448 Unde
984 387 1015 447 in

40 477 156 537 Eccles.
179 494 207 537 c.
223 479 253 549 9,
269 495 298 536 v.
318 479 336 536 5
353 475 486 536 dicitur:
513 497 528 533 o
549 474 703 554 Virginem
726 493 764 535 ne
784 475 955 553 conspicias
979 492 1017 535 ne
1062 535 1065 540 .

43 565 156 625 aforte
182 564 392 625 scandalizeris
415 563 446 623 in
470 562 582 625 decore
609 564 675 641 eius
700 581 706 622 ;
735 569 857 643 propter
883 564 1016 642 speciem

43 675 59 710 n
81 651 216 712 mulieris
226 651 313 712 multi
329 651 498 731 perierunt.
514 657 545 712 et
557 669 595 711 ex
610 649 668 712 hoe
678 651 1016 731 concupiscentiaquasi

42 764 58 800 o
80 740 158 819 ignis
175 740 346 801 inardescit.
360 760 375 798 n
395 742 433 799 111
448 740 480 800 in
493 739 631 823 Epistola
640 738 678 800 ad
691 738 819 811 Galatas,
836 757 863 800 c.
880 743 911 812 3,
925 759 954 800 v.
971 742 989 800 3
1008 759 1015 798 :

41 853 58 888 n
78 830 128 890 Sic
148 828 230 889 stulti
246 831 316 889 estis
330 835 364 888 ut
375 845 446 888 curn
461 827 568 907 spiritu
582 827 733 908 coeperitis
746 845 829 887 nune
843 845 934 889 carue
948 845 1017 889 con·

41 940 56 976 n
75 915 272 979 summemini
285 938 314 974 a.

76 1009 106 1068 8.
132 1004 278 1065 Dividitur
291 1004 433 1065 castitas:
457 1009 488 1064 to
508 1003 539 1064 in
565 1002 749 1086 coojopolem
771 1021 830 1084 qua
853 1005 1014 1083 conjuges,

36 1094 231 1155 admittentes
252 1091 374 1172 quidem
398 1091 494 1153 licitas
513 1092 682 1172 voluptates
697 1093 728 1152 in
744 1093 959 1166 matrimonio,
979 1091 1016 1152 ab

36 1184 151 1245 illicitis
165 1200 198 1242 se
210 1181 374 1242 abstinent.

77 1276 110 1332 2⁰
122 1272 155 1331 ln
170 1268 330 1343 vidualem,
347 1286 408 1348 qua
417 1268 498 1348 quis,
514 1275 582 1349 post
594 1268 707 1330 solutas
723 1269 852 1350 nuptias.
871 1269 973 1330 statuit
984 1269 1014 1329 in

39 1366 196 1438 posterum
221 1355 260 1418 ab
279 1356 390 1417 illicitis
409 1364 440 1418 et
470 1356 560 1418 licitis
578 1358 609 1418 iu
644 1358 787 1437 conjugio
811 1356 1017 1435 voluptatibus

38 1448 203 1508 abstinere.

77 1542 111 1597 3⁰
130 1537 164 1595 ln
186 1534 382 1594 eoinmnniter
400 1533 523 1608 dictam,
548 1552 607 1614 qua
621 1534 701 1614 quis,
718 1538 802 1594 entra
823 1534 1014 1596 munobium

38 1633 171 1697 exstans,
189 1642 221 1683 se
235 1623 370 1683 eontinet
387 1640 404 1681 a
420 1623 566 1684 venereis.

76 1719 111 1773 4⁰
123 1717 156 1772 ln
168 1711 348 1790 ct'rpr'nolem
363 1710 488 1770 tandem
501 1711 739 1787 eastitateor‚seu
752 1710 1014 1790 perfectissimam.

39 1820 98 1881 qna
119 1802 190 1880 quis
209 1816 368 1876 nunquam
390 1796 559 1860 voluntarie
572 1806 713 1880 expertus
726 1799 821 1859 dictas
834 1799 1014 1880 voluptates,

39 1889 238 1950 obornoibus
259 1887 397 1957 omnino,
414 1893 475 1948 tam
489 1888 580 1948 licitis
603 1905 697 1968 quarn
723 1887 844 1961 illicitis,
870 1895 1016 1967 perpetuo

40 1979 192 2039 abstinere
211 1975 362 2056 proponit.
379 1978 415 2036 V.
432 1977 561 2038 Potuzzi
583 1995 632 2056 ap.
658 1975 742 2039 Cora.
766 1977 883 2057 corripi.v
902 1976 1015 2049 Theoi„

41 2073 113 2126 tom.
131 2067 168 2138 ll,
183 2067 242 2124 cot.
259 2067 348 2125 tata.

8 2224 10 2231 .
79 2159 108 2216 9.
136 2156 195 2213 Etsi
211 2153 331 2214 castitas
344 2158 376 2212 et
397 2151 540 2232 pudicitia
554 2171 633 2232 saepe
654 2171 708 2232 pro
723 2171 784 2212 urio
798 2160 828 2214 et.
841 2152 949 2214 eodem
964 2171 1017 2215 su-

8 2298 9 2303 ,
41 2249 174 2314 tuantur,
189 2242 291 2302 stricte
303 2247 405 2301 tamen
426 2240 595 2319 loquendo,
612 2240 711 2320 irtqoit
729 2240 852 2302 Billuart
866 2239 911 2317 (de
930 2240 956 2300 Τ
953 2261 1015 2301 em-

8 2360 10 2391 t
37 2350 103 2411 per.
121 2330 239 2402 diss.d‚
253 2335 309 2389 111.
325 2331 350 2402 l,
362 2329 435 2390 Dico
450 2328 507 2408 3⁰),
524 2328 668 2408 pudicitia
684 2347 744 2389 nou
760 2335 805 2389 ast
817 2330 947 2404 castitas,
964 2329 1016 2390 sed
1074 2382 1077 2389 .

45 2441 60 2476 o
79 2417 220 2498 specialis
233 2417 298 2497 ejus
311 2415 703 2479 circumstantia.Probatur
726 2416 886 2496 :pudicitia
907 2417 1017 2478 dicitur

8 2548 10 2553 .
44 2529 60 2565 a
79 2527 96 2568 a
112 2507 281 2587 pudore‚in
296 2523 358 2585 quo
370 2505 551 2566 verecundia
562 2505 763 2585 significatum
778 2505 859 2566 unde
872 2505 1017 2585 pudicitia

44 2617 60 2652 o
80 2603 125 2656 est
142 2596 264 2675 proprie
278 2595 358 2655 circa
372 2592 422 2654 illa
443 2592 607 2673 dequibus
626 2593 764 2654 homines
786 2596 919 2654 maxime
933 2612 1015 2655 vere-

8 2714 10 2747 1
45 2705 59 2739 α
80 2684 266 2756 condantur,
283 2682 385 2761 qualia
405 2689 475 2742 sunt
489 2700 668 2754 venerea...,
685 2681 761 2742 odeo
782 2690 816 2742 ut
838 2681 1017 2744 concubitus

45 2794 60 2829 a
81 2772 146 2852 ipse
159 2770 341 2850 portugalie,
358 2771 412 2851 qui
426 2777 529 2831 tamen
553 2770 708 2831 honestata
728 2772 903 2851 nuptiarum
925 2770 1016 2832 deco·

8 2889 10 2921 1
47 2867 175 2932 oratur,
200 2858 380 2920 verecundia
401 2877 463 2920 non
483 2866 602 2935 careat,
628 2864 657 2919 et
671 2857 884 2920 erubescerent
909 2860 1017 2936 conju-

10 2986 12 2992 ,
47 2966 134 3027 ages
156 2948 243 3006 illum
272 2964 376 3007 coram
400 2947 465 3007 aliis
492 2964 641 3008 exercere.
668 2946 896 3007 verecundatur
917 2957 1016 3008 autam

47 3057 62 3093 n
80 3036 186 3108 horno,
204 3053 264 3095 noo
280 3028 379 3096 solum
395 3036 432 3096 de
453 3035 519 3115 ipso
534 3035 709 3112 concubitu,
725 3033 879 3097 sedetiam
897 3035 934 3094 de
949 3036 1018 3114 qui-

8 3146 13 3185 1
44 3145 63 3180 a
80 3123 210 3184 busdam
235 3125 300 3198 ejus
315 3123 422 3202 signis,
439 3131 472 3184 ut
485 3131 557 3184 sunt
570 3129 709 3203 aspectus
729 3123 885 3202 impudici,
902 3123 1016 3197 oscula,

8 3241 10 3273 1
45 3232 61 3268 a
79 3219 190 3286 tactus,
211 3219 268 3272 etc.
288 3213 325 3272 Et
339 3213 410 3293 quia
435 3212 500 3273 haec
514 3211 610 3273 solent
625 3211 721 3291 magis
736 3211 934 3291 deprehendi,
950 3212 1018 3273 ideo

9 3338 11 3347 ι
44 3321 61 3356 a
79 3300 225 3380 pudicitia
238 3299 334 3378 magis
350 3301 470 3380 respicit
484 3299 658 3381 hujusmodi
673 3301 819 3360 exteriora
831 3301 917 3379 signa
928 3349 936 3374 ,
948 3318 1017 3361 cas-

8 3410 13 3452 1
34 3409 61 3468 ,α
80 3389 262 3449 titasautern
277 3388 372 3467 magis
382 3387 479 3469 ipsam
493 3405 651 3450 veneream
663 3388 924 3449 commixtionem.
936 3391 1019 3468 Ergo

46 3497 60 3532 n
81 3475 226 3556 pudicitia
247 3476 378 3555 pertinet
401 3475 439 3536 ad
463 3476 628 3537 castitatem
651 3483 683 3537 ut
703 3477 768 3554 eJus
791 3477 1018 3538 circumstantia

8 3622 13 3629 .
46 3563 231 3644 «specialia.
255 3586 270 3621 a
509 3633 510 3636 Ἴ
1008 3558 1011 3563 ⁴

72 3655 120 3713 10.
133 3651 253 3732 Duplici
262 3651 319 3713 suli
328 3653 653 3732 respectucoosiderari
666 3653 1017 3734 potestrirginitasmom-
