2362 4094
180 134 238 193 tau
323 210 328 215 ι
505 148 541 192 aa
563 120 656 195 nesus
678 150 831 198 vanuaars.

176 270 293 332 etiamsi
310 277 414 351 petens
442 270 481 330 sit
509 268 539 329 in
566 268 647 329 bona
669 268 739 344 fide,
768 271 839 350 quia
862 278 936 334 tuno
965 275 1069 354 sponsi
1096 288 1158 337 uolt

113 361 117 377 ’
177 357 494 438 habentiuspetendi3
510 357 627 417 etidem
642 363 688 417 est
701 356 899 420 dicendumsi
910 381 966 441 per
977 363 1150 424 adulterium

176 453 228 508 aut
250 449 400 509 incestum
423 454 528 526 petens
556 446 596 505 sit
622 447 754 525 privatus
772 448 879 509 eodem
896 450 967 529 jure
983 450 1149 529 peteudi¹3

177 536 248 596 item
261 535 285 596 si
298 536 362 614 ipse
378 541 482 616 petens
492 534 619 602 dubitet,
632 536 703 615 quia
718 535 781 614 ipse
791 537 913 615 pariter,
926 537 1022 599 dubio
1036 539 1150 600 nonde-

179 625 286 703 pusito,
301 625 350 701 jus
367 622 488 703 petendi
504 641 565 683 non
580 622 741 683 habet².·-
754 625 1148 688 Cont.rovertitu1·auternan

108 781 109 784 Ἴ
178 712 350 791 hujusmodi
362 714 430 789 iure
442 712 576 791 privetur
587 712 640 791 qui
655 712 786 772 scienter
796 712 937 792 baptizat,
953 715 999 774 vel
1020 715 1059 775 de
1074 734 1148 776 sacra

178 801 260 862 fonte
274 800 401 882 suscipit
414 801 568 881 propriam
584 800 701 880 prolem
725 808 808 862 extra
822 820 927 864 casum
945 805 1146 865 necessitatis:

177 888 373 950 communius
395 889 572 963 affirmatur,
601 895 647 949 sat
675 895 776 950 tamen
813 890 1005 972 probabiliter
1034 901 1146 974 negatur

176 979 264 1057 juxta
279 981 310 1040 S.
325 977 436 1058 Liguor
448 982 471 1039 ὅ.

218 1093 287 1151 269.
311 1092 401 1169 Resp.
419 1087 562 1167 2⁰Quootl
573 1087 665 1148 debiti
673 1089 846 1169 petitionem
861 1091 922 1151 :vel
930 1090 1145 1152 matrimonium

180 1179 258 1238 laona
272 1177 330 1239 lide
343 1178 399 1240 fuit
410 1183 611 1251 contractum,
626 1183 656 1237 at
669 1178 790 1238 nonnisi
806 1197 842 1238 eo
857 1187 1013 1240 contracto
1032 1180 1145 1241 dubium

179 1267 216 1328 de
229 1267 323 1346 ipsius
337 1266 491 1328 validitate
505 1264 689 1345 supervenit,
713 1268 758 1327 vel
774 1265 866 1328 dubia
883 1267 943 1328 fide
954 1267 1010 1328 fuit
1025 1268 1144 1328 initum:

181 1356 209 1416 in
224 1355 323 1435 primo
335 1374 409 1417 casu
419 1354 456 1428 si,
471 1353 603 1415 adhibita
617 1353 784 1434 diligentia,
800 1354 926 1416 dubium
943 1356 1024 1417 vinci
1042 1373 1144 1436 neque·

181 1450 218 1510 at,
236 1443 467 1504 controvertitur
479 1461 516 1503 an
532 1443 618 1503 lioeal
632 1450 706 1503 tunc
720 1443 867 1504 dubitanti
887 1443 1025 1505 debitum
1041 1451 1144 1524 petere:

185 1532 290 1592 Primo
307 1531 448 1593 sententio
472 1536 573 1610 negat,
600 1539 630 1592 et
641 1531 733 1609 hujus
745 1534 901 1593 sententiae
915 1538 1001 1592 certo
1021 1532 1146 1593 ridentur

182 1619 247 1680 e‘sse
262 1622 293 1681 S.
310 1621 441 1681 Thomas
458 1627 488 1680 et
499 1622 530 1681 S.
549 1615 774 1695 Rabocentum,
788 1639 838 1700 ap.
855 1622 886 1682 S.
900 1620 1027 1699 Lignor.
1040 1622 1061 1694 ὅ,
1077 1628 1103 1682 el
1122 1619 1144 1677 in
1164 1631 1165 1634 ’

183 1708 390 1787 probationem
406 1706 534 1769 afferunt
549 1709 707 1788 praelatum
735 1728 801 1788 cap.
820 1709 1081 1790 inquisitioni-
1102 1709 1144 1769 Se·

182 1796 448 1870 commaculando,
476 1815 567 1878 quarn
591 1798 683 1876 longe
707 1797 942 1877 probabiliorem
966 1798 1057 1858 babet
1079 1795 1165 1858 idem,

183 1887 213 1945 S.
230 1885 364 1962 Liguor„
393 1885 530 1946 affirmat.
557 1886 643 1946 Ratio
657 1885 754 1957 datur,
783 1885 854 1965 quia
881 1886 906 1944 is
926 1886 979 1966 qui
1001 1887 1078 1946 bona
1097 1883 1145 1944 lide

184 1975 411 2035 rrratrimonium
431 1973 579 2036 contraxit
594 1992 655 2034 nou
672 1979 717 2034 est
736 1975 898 2052 privandus
923 1992 980 2034 suo
997 1976 1065 2052 J'ure
1078 1970 1144 2054 quod
1164 1965 1165 1970 ’

183 2062 316 2141 possedit
328 2063 573 2143 petendi,'doneo
584 2069 702 2123 constet
715 2062 753 2122 de
767 2062 902 2142 conjugii
920 2062 1074 2123 nullitate:
1086 2079 1144 2140 pos-

183 2170 282 2211 sessor
296 2153 378 2211 enim
406 2153 493 2212 lionae
517 2150 597 2223 fidei,
625 2151 696 2211 licet
724 2149 857 2210 adhibita
881 2150 1038 2230 diligentia
1063 2150 1145 2212 adbuc

183 2238 310 2312 dubitet,
327 2258 391 2300 rem
407 2246 503 2318 potest
521 2240 664 2312 retinere,
680 2257 776 2319 eaque
792 2238 882 2299 eliam
909 2239 952 2298 uli
978 2240 1019 2299 ob
1048 2235 1145 2320 princi·

185 2329 269 2407 pium
283 2329 363 2409 quod
377 2329 408 2389 in
422 2327 510 2388 dubio
525 2328 632 2388 melior
645 2329 686 2388 sit
699 2326 830 2387 conditio
841 2327 1029 2407 possidentis.
1044 2325 1144 2388 Conlir-

185 2422 284 2476 matur
298 2435 365 2496 cap.
382 2416 583 2493 Laudabilem,
599 2415 635 2489 <le
647 2416 756 2496 sripid.
772 2416 928 2496 etmolef„
946 2416 1010 2484 ubi.
1025 2417 1056 2476 in
1069 2412 1145 2476 dubio

183 2505 222 2567 de
233 2506 334 2566 valore
347 2506 531 2567 matrimonii
549 2496 671 2585 propter
693 2504 876 2566 dubietatem
900 2505 1042 2582 potentiae
1056 2503 1143 2581 eonju-

185 2612 269 2673 gmn,
288 2594 371 2673 ipsis,
380 2602 410 2655 ut
423 2602 537 2654 constet
551 2593 589 2653 de
601 2593 788 2672 impotentia,
798 2592 975 2653 conceditur
984 2594 1142 2657 triennium,

185 2690 323 2761 utsupra
345 2683 476 2743 diximus
492 2682 588 2762 (iil),
604 2682 641 2741 ad
656 2681 790 2741 debitum
804 2681 979 2759 petendum.
993 2715 1032 2727 -
1059 2675 1144 2754 Quoad

185 2778 300 2831 textum
314 2790 343 2832 e.
363 2772 560 2851 loqrcisitioni
581 2771 611 2830 in
633 2769 817 2830 contrarium
834 2768 1012 2848 allegatum,
1037 2785 1144 2848 respon·

185 2857 273 2920 detur
287 2859 368 2939 quod
392 2859 554 2940 prohibitio
568 2858 691 2939 petendi
713 2858 744 2918 in
759 2875 796 2917 eo
812 2857 898 2931 lacta,
916 2858 953 2918 sit
968 2853 1144 2937 intelligenda

186 2954 255 3009 ante
270 2949 433 3008 adhibitam
449 2948 658 3027 diligentiam3
683 2954 712 3007 et
724 2945 780 3007 hoo
791 2953 834 3006 sat
850 2945 1058 3026 probabiliter,
1080 2947 1143 3025 justa

187 3035 308 3115 Liguor.
325 3039 347 3112 ⁶,
363 3036 595 3108 addicendum,
611 3035 664 3096 atsi
680 3036 792 3114 conjux
812 3035 954 3096 dubitans
971 3037 1086 3097 nullam
1102 3034 1143 3093 ha-

186 3124 256 3186 beat
277 3127 424 3186 rationem
453 3126 640 3206 probabilem
654 3143 708 3204 pro
730 3124 830 3185 valore
857 3124 1056 3202 matrimonii,
1074 3121 1144 3185 modo

218 3355 241 3404 l.
261 3356 286 3404 S.
306 3355 416 3420 Lignum,
430 3355 612 3416 ribemunt,
627 3357 652 3405 in
670 3357 727 3407 line.

218 3428 242 3474 2.
261 3427 376 3486 Sanehcz,
390 3426 458 3486 ibid,
473 3437 500 3474 n⁰
512 3427 551 3475 55.

219 3496 242 3544 3.
261 3496 314 3546 Lib.
325 3499 347 3556 6,
360 3508 387 3545 n⁰
399 3498 453 3546 150.
525 3528 526 3532 =

221 3566 244 3614 l.
261 3566 314 3616 Lib.
328 3569 351 3627 6,
364 3577 390 3615 n⁰
407 3568 461 3616 sot.

220 3637 243 3683 5.
261 3635 330 3694 ibid,
346 3647 373 3684 n⁰
384 3637 438 3686 905.
