2362 4094
473 174 566 246 curua
588 176 621 246 11ss
678 176 680 181 ’
992 190 1030 246 ’Π

92 338 110 374 u
135 310 303 397 Postquam
326 313 510 376 denuntians
536 314 822 396 se'subscripserit,
852 323 905 378 aut
929 318 1032 382 Crucis

35 426 73 485 .“.
86 403 216 484 siguuru
227 402 343 479 iecerit,
359 403 528 466 subscribet
540 423 572 465 se
582 403 737 484 delegatus
748 404 806 466 hoc
821 405 912 467 modo
929 426 936 466 :

94 514 111 549 u
136 494 211 552 Actu
236 492 380 553 sunt'lroec
391 512 445 571 per
459 512 505 553 nte
518 490 592 554 ΝΝ.
610 493 646 554 ab
659 491 869 554 illustrissimo
894 503 923 556 et
938 495 1031 558 Reve-

49 601 66 637 u
89 579 267 641 rendr'ssr'rno
282 581 415 641 antistite
429 578 501 642 NN.
519 590 551 642 ut
565 599 658 662 supro
669 581 839 660 specialiter
850 581 1029 664 deteputunr.

94 690 116 729 u,
133 670 289 748 integrum
304 667 414 730 deinde
438 676 538 731 actum
553 670 667 730 directe
680 668 716 729 ad
732 670 887 750 proprium
903 671 1032 734 Ordina-

50 778 67 814 (ι
90 758 175 817 riuur
203 757 394 836 delegantem
419 757 600 819 transmittet
625 775 686 819 una
700 775 771 818 cunr
786 759 983 823 instructione
1002 768 1033 824 et

50 866 67 902 r
89 844 200 905 litteris
212 845 353 925 acceptis,
368 845 580 907 nihilomnino
594 846 675 927 apud
689 864 721 907 se
741 847 910 909 retinendo.
927 872 942 907 n
982 852 984 857 ’

91 937 164 995 137.
188 936 237 995 lll.
260 933 457 1014 Expendendi
481 943 553 998 sunt
566 953 647 996 nuno
662 934 763 1017 plures
773 954 861 997 casus
875 938 1031 1000 materiam

47 1021 276 1083 sollicitationis
297 1029 490 1102 spectantes:

69 1101 128 1169 '1⁶
152 1112 198 1168 An
221 1109 258 1171 sit
282 1109 509 1173 denuntiandus
533 1112 698 1174 sollicitans
715 1111 753 1173 ad
774 1119 857 1173 actus
879 1114 1033 1177 venialiter
1119 1127 1122 1131 “

47 1197 200 1262 duntaxat
227 1197 478 1261 inhonestosl-
493 1200 622 1272 Quidam
645 1200 770 1281 quidem
797 1201 971 1277 adiuuant,
995 1223 1032 1266 eo

48 1286 138 1366 quod
150 1292 236 1348 actus
249 1287 436 1366 hujusmodi,
457 1288 511 1351 etsi
539 1289 641 1351 leviter
657 1289 806 1351 inhonesti
821 1298 904 1352 extra
929 1310 1031 1354 sacra-

53 1375 350 1455 menturn‚‘graviter
364 1384 466 1438 tamen
481 1378 633 1440 inhonesti
648 1385 719 1440 suut
735 1378 765 1437 in
781 1384 970 1441 sacramento
983 1381 1032 1442 cui

50 1461 199 1539 iniurium
223 1465 381 1543 irrogant:
411 1465 463 1527 sed
491 1467 638 1528 sententia
661 1484 776 1546 negaris
792 1467 835 1529 uti
851 1467 1033 1548 probabilior

50 1549 183 1612 habetur
207 1551 223 1612 b
250 1553 281 1612 S.
296 1552 454 1631 biguori03
471 1561 501 1615 et
521 1555 596 1617 ratio
612 1554 715 1635 ‚ipsius
740 1555 883 1635 estquod
899 1555 967 1619 ideo
988 1563 1033 1618 est
1102 1604 1117 1616 .

50 1637 460 1721 denuntiandussollicitans
474 1644 545 1724 quia
557 1650 715 1723 suspectus
727 1643 764 1704 de
779 1643 839 1705 fide
851 1652 1006 1725 reputatur
1024 1667 1029 1707 :

52 1728 147 1806 porrd
161 1728 225 1788 talis
239 1728 370 1809 suspicio
381 1729 488 1792 cadere
501 1732 607 1811 nequit
620 1732 652 1792 in
665 1749 736 1796 cunr
750 1732 802 1813 qui
819 1751 879 1794 non
894 1732 1034 1795 sollicitat

53 1816 112 1876 uisi
128 1816 167 1877 ad
183 1823 269 1878 actus
283 1817 387 1879 leviter
404 1819 580 1882 inhonestus
591 1823 613 1882 ¹.

95 1909 164 1966 138.
182 1909 213 1966 2⁰
239 1910 283 1965 rto
298 1905 526 1970 denuntiandus
538 1908 576 1970 sit
586 1908 791 1970 confessarius
804 1909 857 1990 qui
867 1908 904 1970 ad
912 1916 1033 1989 peccata

51 2011 116 2053 non
131 1993 229 2073 turpia
245 1995 393 2069 sollicitat,
421 2015 448 2059 v.
479 2017 508 2076 g.
526 1995 756 2071 adiuuandum,
776 1997 813 2057 ad
838 1997 1031 2059 calumnian-

51 2080 141 2155 durn,
156 2088 213 2142 eto,
227 2081 287 2153 ‘le-
300 2082 417 2162 Duplei
431 2093 477 2146 est
486 2085 633 2146 sententia
650 2104 657 2144 τ
674 2085 772 2145 Prirna
784 2084 948 2159 affirmans,
963 2105 1032 2165 quar

48 2172 84 2235 VS.
101 2171 244 2249 biguorio
255 2172 327 2231 sotis
336 2171 634 2252 probudrtrsridctua
650 2192 687 2235 eo
701 2173 782 2254 quod
796 2174 833 2234 sit
847 2173 1031 2235 denuntiau-

52 2257 111 2319 dus
135 2265 294 2338 suspectus
307 2260 345 2321 de
365 2259 435 2333 tide,
462 2261 561 2341 qualis
583 2262 753 2323 censendus
774 2261 978 2323 contessarius
1002 2263 1031 2323 iu
1129 2271 1131 2274 ‘

53 2364 137 2422 casu.
154 2347 410 2409 communissima
419 2355 520 2409 tamen
535 2355 565 2409 et
574 2349 756 2429 probabilior
766 2349 912 2410 sententia
925 2359 1029 2429 negat:

53 2442 82 2495 et
97 2436 174 2495 ratio
186 2444 229 2496 est
245 2435 327 2515 qudd
340 2436 370 2496 in
388 2437 482 2498 Bullis
498 2456 559 2498 non
576 2438 742 2517 imponitur
756 2437 899 2517 obligatio
911 2437 1033 2499 denun-

54 2523 146 2584 tiandi
164 2523 222 2584 nisi
237 2523 431 2586 sollicitantes
445 2525 482 2585 ad
502 2525 610 2605 turpia.
627 2525 743 2587 Dicitur
764 2527 886 2605 quidem
908 2526 1031 2588 denun-

53 2610 173 2672 tiandus
183 2630 249 2672 esse
261 2608 314 2692 qui
329 2612 455 2673 illicitos
466 2621 493 2674 et
508 2614 674 2676 inhonestos
687 2624 830 2675 sermones
843 2613 966 2690 habent,
980 2616 1033 2677 sed

51 2718 109 2779 per
133 2699 258 2760 illicitur
283 2700 493 2782 intelliguntur
506 2702 714 2764 communiter
735 2709 852 2765 tanturn
877 2721 1034 2766 armenes

55 2787 217 2850 inhonesti.
243 2820 280 2836 -
304 2789 478 2852 Notandum
507 2791 597 2852 etiarn
621 2789 837 2871 obligationem
865 2791 1034 2854 sacerdotes

54 2874 255 2938 denuntiandi
267 2875 305 2937 ad
315 2878 413 2958 turpia
428 2878 624 2940 sollicitantes
638 2879 715 2939 intra
741 2896 860 2941 sacroru
879 2880 1032 2942 Poeniten-

56 2963 104 3026 tiae
118 2963 263 3039 tribuual,
284 2965 506 3028 extendendam
522 2986 583 3028 non
606 2985 671 3028 esse
685 2966 722 3027 ad
737 2968 794 3029 alia
818 2975 1006 3030 sacramenta
1021 2973 1032 3003 ¹

56 3087 90 3099 -·
111 3050 177 3114 bae‘o
192 3051 316 3132 quidem
330 3052 444 3133 dejure
455 3055 594 3136 positivo,
609 3053 724 3133 dejure
738 3073 809 3117 vero
823 3056 953 3118 naturali
968 3075 1033 3136 pos·

57 3146 101 3203 set
127 3134 293 3221 aliquando
318 3140 423 3204 adesse
450 3143 595 3225 obligatio
622 3142 821 3205 denuntiandi
844 3144 875 3204 in
901 3144 1032 3223 praelatis

55 3227 186 3292 casibus.

97 3319 164 3379 139.
189 3319 221 3379 3⁰
243 3319 290 3378 An
306 3318 344 3381 sit
363 3318 590 3383 denuntiandus
600 3318 765 3382 sollicitans
778 3319 901 3400 quando
914 3323 1031 3381 constat

56 3403 143 3467 illurn
169 3403 263 3468 luisse
283 3404 506 3470 emendatum?
520 3442 560 3454 -
581 3407 686 3468 Plures
709 3415 832 3489 negant,
849 3408 919 3488 quia
933 3411 1031 3469 cessat

85 3614 109 3666 t.
127 3612 154 3665 S.
168 3613 281 3680 biguor„
294 3614 338 3667 lib.
352 3615 375 3679 6,
389 3626 416 3666 u⁰
428 3615 483 3668 tta.

84 3684 108 3736 2.
125 3687 149 3737 S.
167 3684 281 3752 timor„
295 3687 362 3750 itta„
375 3698 403 3738 u⁰
414 3687 470 3741 68l.
