<?xml version="1.0" encoding="UTF-8"?>
<!DOCTYPE html PUBLIC "-//W3C//DTD XHTML 1.0 Transitional//EN"
    "http://www.w3.org/TR/xhtml1/DTD/xhtml1-transitional.dtd">
<html xmlns="http://www.w3.org/1999/xhtml" xml:lang="en" lang="en">
 <head>
  <title>
</title>
<meta http-equiv="Content-Type" content="text/html;charset=utf-8" />
  <meta name='ocr-system' content='tesseract 3.04.00' />
  <meta name='ocr-capabilities' content='ocr_page ocr_carea ocr_par ocr_line ocrx_word'/>
</head>
<body>
  <div class='ocr_page' id='page_1' title='image "./derebusvenereis00craigoog_0103.png"; bbox 0 0 2362 4094; ppageno 0'>
   <div class='ocr_carea' id='block_1_1' title="bbox 180 205 840 273">
    <p class='ocr_par' dir='ltr' id='par_1_1' title="bbox 180 205 840 273">
     <span class='ocr_line' id='line_1_1' title="bbox 180 205 840 273; baseline 0.002 -11"><span class='ocrx_word' id='word_1_1' title='bbox 180 205 219 262; x_wconf 90' lang='lat'><strong>88</strong></span> <span class='ocrx_word' id='word_1_2' title='bbox 498 217 535 261; x_wconf 84' lang='lat' dir='ltr'><strong>nu</strong></span> <span class='ocrx_word' id='word_1_3' title='bbox 558 217 648 262; x_wconf 79' lang='lat' dir='ltr'><strong>annus</strong></span> <span class='ocrx_word' id='word_1_4' title='bbox 667 218 840 273; x_wconf 64' lang='lat' dir='ltr'><strong>vununms„</strong></span> 
     </span>
    </p>
   </div>
   <div class='ocr_carea' id='block_1_2' title="bbox 137 333 1175 3425">
    <p class='ocr_par' dir='ltr' id='par_1_2' title="bbox 180 333 1157 748">
     <span class='ocr_line' id='line_1_2' title="bbox 180 333 1155 418; baseline 0.001 -25"><span class='ocrx_word' id='word_1_5' title='bbox 180 337 210 393; x_wconf 92' lang='lat' dir='ltr'><strong>et</strong></span> <span class='ocrx_word' id='word_1_6' title='bbox 225 350 328 395; x_wconf 90' lang='lat' dir='ltr'><strong>semen</strong></span> <span class='ocrx_word' id='word_1_7' title='bbox 345 351 449 396; x_wconf 81' lang='lat' dir='ltr'><strong>verum</strong></span> <span class='ocrx_word' id='word_1_8' title='bbox 460 333 673 414; x_wconf 85' lang='lat' dir='ltr'><strong>expellendum</strong></span> <span class='ocrx_word' id='word_1_9' title='bbox 688 334 770 416; x_wconf 89' lang='lat' dir='ltr'><strong>quod</strong></span> <span class='ocrx_word' id='word_1_10' title='bbox 787 352 955 418; x_wconf 86' lang='lat' dir='ltr'>numquam</span> <span class='ocrx_word' id='word_1_11' title='bbox 970 342 1016 398; x_wconf 88' lang='lat' dir='ltr'><strong>est</strong></span> <span class='ocrx_word' id='word_1_12' title='bbox 1029 334 1155 397; x_wconf 91' lang='lat' dir='ltr'><strong>licitum.</strong></span> 
     </span>
     <span class='ocr_line' id='line_1_3' title="bbox 181 421 1157 497; baseline -0.001 -14"><span class='ocrx_word' id='word_1_13' title='bbox 181 423 274 483; x_wconf 86' lang='lat' dir='ltr'><strong>Secus</strong></span> <span class='ocrx_word' id='word_1_14' title='bbox 289 422 379 497; x_wconf 83' lang='lat' dir='ltr'><strong>sentit</strong></span> <span class='ocrx_word' id='word_1_15' title='bbox 393 421 518 484; x_wconf 87' lang='lat' dir='ltr'><strong>Bitluart</strong></span> <span class='ocrx_word' id='word_1_16' title='bbox 541 422 570 482; x_wconf 92' lang='lat' dir='ltr'><strong>in</strong></span> <span class='ocrx_word' id='word_1_17' title='bbox 588 422 697 485; x_wconf 91' lang='lat' dir='ltr'><strong>ultimo</strong></span> <span class='ocrx_word' id='word_1_18' title='bbox 722 442 793 486; x_wconf 85' lang='lat' dir='ltr'><strong>casu</strong></span> <span class='ocrx_word' id='word_1_19' title='bbox 809 428 831 497; x_wconf 86' lang='lat'><strong>¹,</strong></span> <span class='ocrx_word' id='word_1_20' title='bbox 848 423 902 487; x_wconf 89' lang='lat' dir='ltr'><strong>sed</strong></span> <span class='ocrx_word' id='word_1_21' title='bbox 923 423 1001 485; x_wconf 89' lang='lat' dir='ltr'><strong>forte</strong></span> <span class='ocrx_word' id='word_1_22' title='bbox 1024 441 1089 486; x_wconf 92' lang='lat' dir='ltr'><strong>non</strong></span> <span class='ocrx_word' id='word_1_23' title='bbox 1118 428 1157 484; x_wconf 89' lang='lat' dir='ltr'><strong>sat</strong></span> 
     </span>
     <span class='ocr_line' id='line_1_4' title="bbox 182 509 1156 590; baseline 0.002 -20"><span class='ocrx_word' id='word_1_24' title='bbox 182 510 357 590; x_wconf 75' lang='lat' dir='ltr'>prudenter,</span> <span class='ocrx_word' id='word_1_25' title='bbox 374 510 513 590; x_wconf 79' lang='lat' dir='ltr'><strong>quaiuvis</strong></span> <span class='ocrx_word' id='word_1_26' title='bbox 528 509 558 571; x_wconf 90' lang='lat' dir='ltr'><strong>ld</strong></span> <span class='ocrx_word' id='word_1_27' title='bbox 569 530 631 572; x_wconf 91' lang='lat' dir='ltr'><strong>non</strong></span> <span class='ocrx_word' id='word_1_28' title='bbox 643 513 791 575; x_wconf 87' lang='lat' dir='ltr'><strong>concedat</strong></span> <span class='ocrx_word' id='word_1_29' title='bbox 805 513 862 574; x_wconf 88' lang='lat' dir='ltr'><strong>nisi</strong></span> <span class='ocrx_word' id='word_1_30' title='bbox 887 513 918 574; x_wconf 91' lang='lat' dir='ltr'><strong>in</strong></span> <span class='ocrx_word' id='word_1_31' title='bbox 928 530 999 575; x_wconf 88' lang='lat' dir='ltr'><strong>casu</strong></span> <span class='ocrx_word' id='word_1_32' title='bbox 1014 512 1156 573; x_wconf 85' lang='lat' dir='ltr'><strong>intolera-</strong></span> 
     </span>
     <span class='ocr_line' id='line_1_5' title="bbox 182 593 1157 685; baseline 0.006 -29"><span class='ocrx_word' id='word_1_33' title='bbox 182 597 251 659; x_wconf 84' lang='lat' dir='ltr'><strong>bilis</strong></span> <span class='ocrx_word' id='word_1_34' title='bbox 259 598 405 679; x_wconf 84' lang='lat' dir='ltr'><strong>pruritus,</strong></span> <span class='ocrx_word' id='word_1_35' title='bbox 414 605 465 660; x_wconf 92' lang='lat' dir='ltr'><strong>aut</strong></span> <span class='ocrx_word' id='word_1_36' title='bbox 473 600 763 685; x_wconf 82' lang='lat' dir='ltr'><strong>quandoexsemine</strong></span> <span class='ocrx_word' id='word_1_37' title='bbox 775 593 919 682; x_wconf 86' lang='lat' dir='ltr'><strong>corrupto</strong></span> <span class='ocrx_word' id='word_1_38' title='bbox 928 600 1025 681; x_wconf 80' lang='lat' dir='ltr'><strong>gravis</strong></span> <span class='ocrx_word' id='word_1_39' title='bbox 1034 600 1157 662; x_wconf 79' lang='lat' dir='ltr'>morbus</span> 
     </span>
     <span class='ocr_line' id='line_1_6' title="bbox 181 687 366 748; baseline 0 -2"><span class='ocrx_word' id='word_1_40' title='bbox 181 687 366 748; x_wconf 77' lang='lat' dir='ltr'><strong>immineret.</strong></span> 
     </span>
    </p>

    <p class='ocr_par' dir='ltr' id='par_1_3' title="bbox 183 776 1154 944">
     <span class='ocr_line' id='line_1_7' title="bbox 224 776 1154 857; baseline 0 -21"><span class='ocrx_word' id='word_1_41' title='bbox 224 778 291 837; x_wconf 78' lang='lat' dir='ltr'><strong>tea.</strong></span> <span class='ocrx_word' id='word_1_42' title='bbox 314 776 437 847; x_wconf 84' lang='lat' dir='ltr'><strong>Quaerit.</strong></span> <span class='ocrx_word' id='word_1_43' title='bbox 458 780 490 838; x_wconf 73' lang='lat'><strong>2⁰</strong></span> <span class='ocrx_word' id='word_1_44' title='bbox 514 778 559 837; x_wconf 83' lang='lat' dir='ltr'><strong>dn</strong></span> <span class='ocrx_word' id='word_1_45' title='bbox 574 783 732 837; x_wconf 83' lang='lat' dir='ltr'><strong>teneamur</strong></span> <span class='ocrx_word' id='word_1_46' title='bbox 760 776 962 857; x_wconf 79' lang='lat' dir='ltr'><strong>pollutionem</strong></span> <span class='ocrx_word' id='word_1_47' title='bbox 991 776 1154 857; x_wconf 74' lang='lat' dir='ltr'><strong>inemptam</strong></span> 
     </span>
     <span class='ocr_line' id='line_1_8' title="bbox 183 864 598 944; baseline 0.005 -22"><span class='ocrx_word' id='word_1_48' title='bbox 183 864 357 944; x_wconf 69' lang='lat' dir='ltr'><strong>impediret</strong></span> <span class='ocrx_word' id='word_1_49' title='bbox 595 919 598 924; x_wconf 80' lang='grc'><strong><em>,</em></strong></span> 
     </span>
    </p>

    <p class='ocr_par' dir='ltr' id='par_1_4' title="bbox 180 953 1174 2271">
     <span class='ocr_line' id='line_1_9' title="bbox 222 953 1154 1035; baseline 0.001 -24"><span class='ocrx_word' id='word_1_50' title='bbox 222 954 311 1034; x_wconf 89' lang='lat' dir='ltr'><strong>Resp.</strong></span> <span class='ocrx_word' id='word_1_51' title='bbox 329 953 359 1015; x_wconf 89' lang='lat' dir='ltr'><strong>Si</strong></span> <span class='ocrx_word' id='word_1_52' title='bbox 376 953 502 1033; x_wconf 88' lang='lat' dir='ltr'><strong>pollutio</strong></span> <span class='ocrx_word' id='word_1_53' title='bbox 515 960 624 1034; x_wconf 88' lang='lat' dir='ltr'><strong>sponte</strong></span> <span class='ocrx_word' id='word_1_54' title='bbox 638 956 766 1031; x_wconf 81' lang='lat' dir='ltr'><strong>eveniat,</strong></span> <span class='ocrx_word' id='word_1_55' title='bbox 781 962 832 1017; x_wconf 90' lang='lat' dir='ltr'><strong>aut</strong></span> <span class='ocrx_word' id='word_1_56' title='bbox 848 956 1003 1017; x_wconf 86' lang='lat' dir='ltr'><strong>insomne</strong></span> <span class='ocrx_word' id='word_1_57' title='bbox 1020 954 1154 1035; x_wconf 85' lang='lat' dir='ltr'><strong>incipiat,</strong></span> 
     </span>
     <span class='ocr_line' id='line_1_10' title="bbox 180 1041 1155 1125; baseline 0.001 -24"><span class='ocrx_word' id='word_1_58' title='bbox 180 1042 266 1119; x_wconf 84' lang='lat' dir='ltr'><strong>juxta</strong></span> <span class='ocrx_word' id='word_1_59' title='bbox 274 1045 305 1103; x_wconf 90' lang='lat' dir='ltr'><strong>S.</strong></span> <span class='ocrx_word' id='word_1_60' title='bbox 323 1043 436 1125; x_wconf 75' lang='lat' dir='ltr'><strong>ligor,</strong></span> <span class='ocrx_word' id='word_1_61' title='bbox 456 1061 516 1103; x_wconf 92' lang='lat' dir='ltr'><strong>non</strong></span> <span class='ocrx_word' id='word_1_62' title='bbox 531 1049 674 1104; x_wconf 88' lang='lat' dir='ltr'><strong>tenemur</strong></span> <span class='ocrx_word' id='word_1_63' title='bbox 687 1042 888 1125; x_wconf 81' lang='lat' dir='ltr'><strong>expergefacti</strong></span> <span class='ocrx_word' id='word_1_64' title='bbox 902 1043 988 1105; x_wconf 89' lang='lat' dir='ltr'><strong>illam</strong></span> <span class='ocrx_word' id='word_1_65' title='bbox 1002 1041 1155 1116; x_wconf 83' lang='lat' dir='ltr'><strong>cohibere,</strong></span> 
     </span>
     <span class='ocr_line' id='line_1_11' title="bbox 183 1128 1154 1211; baseline -0.001 -20"><span class='ocrx_word' id='word_1_66' title='bbox 183 1128 275 1191; x_wconf 94' lang='lat' dir='ltr'><strong>modo</strong></span> <span class='ocrx_word' id='word_1_67' title='bbox 284 1130 360 1192; x_wconf 89' lang='lat' dir='ltr'><strong>absit</strong></span> <span class='ocrx_word' id='word_1_68' title='bbox 375 1149 543 1193; x_wconf 86' lang='lat' dir='ltr'><strong>consensus</strong></span> <span class='ocrx_word' id='word_1_69' title='bbox 558 1131 587 1191; x_wconf 91' lang='lat' dir='ltr'><strong>iu</strong></span> <span class='ocrx_word' id='word_1_70' title='bbox 601 1130 847 1208; x_wconf 80' lang='lat' dir='ltr'><strong>delectationem,</strong></span> <span class='ocrx_word' id='word_1_71' title='bbox 863 1150 919 1195; x_wconf 92' lang='lat' dir='ltr'><strong>nec</strong></span> <span class='ocrx_word' id='word_1_72' title='bbox 933 1131 969 1193; x_wconf 91' lang='lat' dir='ltr'><strong>sit</strong></span> <span class='ocrx_word' id='word_1_73' title='bbox 984 1130 1154 1211; x_wconf 85' lang='lat' dir='ltr'><strong>proximum</strong></span> 
     </span>
     <span class='ocr_line' id='line_1_12' title="bbox 183 1218 1154 1302; baseline -0.003 -23"><span class='ocrx_word' id='word_1_74' title='bbox 183 1219 210 1279; x_wconf 89' lang='lat' dir='ltr'><strong>ei</strong></span> <span class='ocrx_word' id='word_1_75' title='bbox 225 1218 433 1281; x_wconf 84' lang='lat' dir='ltr'><strong>consentiendi</strong></span> <span class='ocrx_word' id='word_1_76' title='bbox 449 1219 630 1302; x_wconf 85' lang='lat' dir='ltr'><strong>periculum.</strong></span> <span class='ocrx_word' id='word_1_77' title='bbox 647 1221 745 1296; x_wconf 85' lang='lat' dir='ltr'><strong>Ratio,</strong></span> <span class='ocrx_word' id='word_1_78' title='bbox 762 1229 826 1281; x_wconf 90' lang='lat' dir='ltr'><strong>tum</strong></span> <span class='ocrx_word' id='word_1_79' title='bbox 847 1222 919 1301; x_wconf 88' lang='lat' dir='ltr'><strong>quia</strong></span> <span class='ocrx_word' id='word_1_80' title='bbox 945 1218 1154 1281; x_wconf 85' lang='lat' dir='ltr'><strong>difficillimum</strong></span> 
     </span>
     <span class='ocr_line' id='line_1_13' title="bbox 183 1306 1153 1383; baseline -0.002 -16"><span class='ocrx_word' id='word_1_81' title='bbox 183 1313 228 1367; x_wconf 86' lang='lat' dir='ltr'><strong>eat</strong></span> <span class='ocrx_word' id='word_1_82' title='bbox 239 1314 372 1369; x_wconf 83' lang='lat' dir='ltr'><strong>avertere</strong></span> <span class='ocrx_word' id='word_1_83' title='bbox 385 1307 531 1371; x_wconf 83' lang='lat' dir='ltr'><strong>effluxum</strong></span> <span class='ocrx_word' id='word_1_84' title='bbox 544 1309 681 1383; x_wconf 57' lang='lat' dir='ltr'><strong>neminie</strong></span> <span class='ocrx_word' id='word_1_85' title='bbox 700 1315 732 1369; x_wconf 92' lang='lat' dir='ltr'><strong>ut</strong></span> <span class='ocrx_word' id='word_1_86' title='bbox 746 1308 950 1371; x_wconf 73' lang='lat' dir='ltr'><strong>communiter</strong></span> <span class='ocrx_word' id='word_1_87' title='bbox 973 1307 1117 1369; x_wconf 83' lang='lat' dir='ltr'><strong>asseritur</strong></span> <span class='ocrx_word' id='word_1_88' title='bbox 1139 1306 1153 1366; x_wconf 80' lang='lat' dir='ltr'><strong>al</strong></span> 
     </span>
     <span class='ocr_line' id='line_1_14' title="bbox 184 1393 1153 1477; baseline 0 -25"><span class='ocrx_word' id='word_1_89' title='bbox 184 1395 260 1468; x_wconf 67' lang='lat' dir='ltr'><strong>DD„</strong></span> <span class='ocrx_word' id='word_1_90' title='bbox 276 1401 340 1458; x_wconf 92' lang='lat' dir='ltr'><strong>tum</strong></span> <span class='ocrx_word' id='word_1_91' title='bbox 356 1396 426 1477; x_wconf 88' lang='lat' dir='ltr'><strong>quia</strong></span> <span class='ocrx_word' id='word_1_92' title='bbox 442 1395 587 1477; x_wconf 88' lang='lat' dir='ltr'><strong>impedire</strong></span> <span class='ocrx_word' id='word_1_93' title='bbox 600 1415 661 1459; x_wconf 91' lang='lat' dir='ltr'><strong>nnn</strong></span> <span class='ocrx_word' id='word_1_94' title='bbox 672 1402 892 1460; x_wconf 86' lang='lat' dir='ltr'><strong>tenemurcum</strong></span> <span class='ocrx_word' id='word_1_95' title='bbox 906 1396 1043 1476; x_wconf 89' lang='lat' dir='ltr'><strong>periculo</strong></span> <span class='ocrx_word' id='word_1_96' title='bbox 1058 1393 1153 1455; x_wconf 81' lang='lat' dir='ltr'><strong>morlti</strong></span> 
     </span>
     <span class='ocr_line' id='line_1_15' title="bbox 184 1484 1152 1566; baseline 0 -24"><span class='ocrx_word' id='word_1_97' title='bbox 184 1500 219 1542; x_wconf 83' lang='lat' dir='ltr'><strong>ex</strong></span> <span class='ocrx_word' id='word_1_98' title='bbox 234 1484 349 1545; x_wconf 87' lang='lat' dir='ltr'><strong>semiue</strong></span> <span class='ocrx_word' id='word_1_99' title='bbox 363 1491 507 1566; x_wconf 86' lang='lat' dir='ltr'><strong>corrupto</strong></span> <span class='ocrx_word' id='word_1_100' title='bbox 520 1484 697 1548; x_wconf 82' lang='lat' dir='ltr'><strong>inducendi.</strong></span> <span class='ocrx_word' id='word_1_101' title='bbox 716 1493 747 1547; x_wconf 92' lang='lat' dir='ltr'><strong>ut</strong></span> <span class='ocrx_word' id='word_1_102' title='bbox 760 1485 871 1548; x_wconf 85' lang='lat' dir='ltr'><strong>docent</strong></span> <span class='ocrx_word' id='word_1_103' title='bbox 895 1484 1032 1547; x_wconf 86' lang='lat' dir='ltr'><strong>Sanchez</strong></span> <span class='ocrx_word' id='word_1_104' title='bbox 1055 1492 1084 1546; x_wconf 87' lang='lat' dir='ltr'><strong>et</strong></span> <span class='ocrx_word' id='word_1_105' title='bbox 1109 1484 1152 1543; x_wconf 82' lang='lat' dir='ltr'><strong>alii</strong></span> 
     </span>
     <span class='ocr_line' id='line_1_16' title="bbox 184 1572 1155 1654; baseline -0.001 -22"><span class='ocrx_word' id='word_1_106' title='bbox 184 1572 388 1634; x_wconf 83' lang='lat' dir='ltr'><strong>communiter</strong></span> <span class='ocrx_word' id='word_1_107' title='bbox 404 1593 411 1633; x_wconf 78' lang='grc' dir='ltr'>ε</span> <span class='ocrx_word' id='word_1_108' title='bbox 427 1580 500 1635; x_wconf 90' lang='lat' dir='ltr'><strong>tunc</strong></span> <span class='ocrx_word' id='word_1_109' title='bbox 514 1576 596 1635; x_wconf 90' lang='lat' dir='ltr'><strong>euim</strong></span> <span class='ocrx_word' id='word_1_110' title='bbox 609 1574 737 1654; x_wconf 90' lang='lat' dir='ltr'><strong>pollutio</strong></span> <span class='ocrx_word' id='word_1_111' title='bbox 752 1592 813 1635; x_wconf 92' lang='lat' dir='ltr'><strong>nou</strong></span> <span class='ocrx_word' id='word_1_112' title='bbox 823 1574 966 1637; x_wconf 87' lang='lat' dir='ltr'><strong>estvolita</strong></span> <span class='ocrx_word' id='word_1_113' title='bbox 981 1572 1034 1634; x_wconf 89' lang='lat' dir='ltr'><strong>sed</strong></span> <span class='ocrx_word' id='word_1_114' title='bbox 1047 1572 1155 1634; x_wconf 90' lang='lat' dir='ltr'><strong>solum·</strong></span> 
     </span>
     <span class='ocr_line' id='line_1_17' title="bbox 185 1659 1155 1741; baseline 0 -22"><span class='ocrx_word' id='word_1_115' title='bbox 185 1659 277 1720; x_wconf 82' lang='lat' dir='ltr'><strong>niodo</strong></span> <span class='ocrx_word' id='word_1_116' title='bbox 292 1679 389 1741; x_wconf 86' lang='lat' dir='ltr'><strong>pessa.</strong></span> <span class='ocrx_word' id='word_1_117' title='bbox 402 1664 437 1722; x_wconf 80' lang='lat' dir='ltr'><strong>ut</strong></span> <span class='ocrx_word' id='word_1_118' title='bbox 452 1661 509 1724; x_wconf 86' lang='lat' dir='ltr'><strong>hoc</strong></span> <span class='ocrx_word' id='word_1_119' title='bbox 517 1661 596 1723; x_wconf 92' lang='lat' dir='ltr'><strong>idem</strong></span> <span class='ocrx_word' id='word_1_120' title='bbox 613 1661 747 1724; x_wconf 85' lang='lat' dir='ltr'><strong>Sauehez</strong></span> <span class='ocrx_word' id='word_1_121' title='bbox 759 1661 899 1737; x_wconf 80' lang='lat' dir='ltr'><strong>admittit,</strong></span> <span class='ocrx_word' id='word_1_122' title='bbox 917 1663 1008 1723; x_wconf 84' lang='lat' dir='ltr'><strong>etlam</strong></span> <span class='ocrx_word' id='word_1_123' title='bbox 1021 1660 1155 1722; x_wconf 81' lang='lat' dir='ltr'><strong>siluisset</strong></span> 
     </span>
     <span class='ocr_line' id='line_1_18' title="bbox 185 1749 1153 1831; baseline -0.002 -23"><span class='ocrx_word' id='word_1_124' title='bbox 185 1755 250 1810; x_wconf 88' lang='lat' dir='ltr'><strong>orta</strong></span> <span class='ocrx_word' id='word_1_125' title='bbox 264 1766 300 1809; x_wconf 79' lang='lat' dir='ltr'><strong>cx</strong></span> <span class='ocrx_word' id='word_1_126' title='bbox 315 1750 406 1830; x_wconf 85' lang='lat' dir='ltr'><strong>culpa</strong></span> <span class='ocrx_word' id='word_1_127' title='bbox 420 1750 505 1831; x_wconf 87' lang='lat' dir='ltr'><strong>prius</strong></span> <span class='ocrx_word' id='word_1_128' title='bbox 516 1750 692 1828; x_wconf 87' lang='lat' dir='ltr'><strong>commissa,</strong></span> <span class='ocrx_word' id='word_1_129' title='bbox 708 1750 800 1813; x_wconf 91' lang='lat' dir='ltr'><strong>modo</strong></span> <span class='ocrx_word' id='word_1_130' title='bbox 814 1750 852 1812; x_wconf 89' lang='lat' dir='ltr'><strong>de</strong></span> <span class='ocrx_word' id='word_1_131' title='bbox 866 1768 902 1812; x_wconf 89' lang='lat' dir='ltr'><strong>ca</strong></span> <span class='ocrx_word' id='word_1_132' title='bbox 915 1749 1034 1831; x_wconf 86' lang='lat' dir='ltr'><strong>patiens</strong></span> <span class='ocrx_word' id='word_1_133' title='bbox 1047 1749 1153 1810; x_wconf 85' lang='lat' dir='ltr'><strong>doleat:</strong></span> 
     </span>
     <span class='ocr_line' id='line_1_19' title="bbox 186 1836 1154 1919; baseline -0.001 -23"><span class='ocrx_word' id='word_1_134' title='bbox 186 1836 477 1911; x_wconf 82' lang='lat' dir='ltr'><strong>contradicittatuen</strong></span> <span class='ocrx_word' id='word_1_135' title='bbox 494 1839 621 1911; x_wconf 85' lang='lat' dir='ltr'><strong>Saettler‚</strong></span> <span class='ocrx_word' id='word_1_136' title='bbox 637 1857 685 1918; x_wconf 92' lang='lat' dir='ltr'><strong>ap.</strong></span> <span class='ocrx_word' id='word_1_137' title='bbox 703 1840 893 1901; x_wconf 77' lang='lat' dir='ltr'><strong>Rousselot‘.</strong></span> <span class='ocrx_word' id='word_1_138' title='bbox 918 1838 1051 1919; x_wconf 83' lang='lat' dir='ltr'><strong>Expedit</strong></span> <span class='ocrx_word' id='word_1_139' title='bbox 1076 1855 1154 1907; x_wconf 83' lang='lat' dir='ltr'><strong>vero,</strong></span> 
     </span>
     <span class='ocr_line' id='line_1_20' title="bbox 186 1924 1174 2010; baseline 0 -26"><span class='ocrx_word' id='word_1_140' title='bbox 186 1925 228 1985; x_wconf 90' lang='lat' dir='ltr'><strong>ait</strong></span> <span class='ocrx_word' id='word_1_141' title='bbox 238 1926 270 1986; x_wconf 88' lang='lat' dir='ltr'><strong>S.</strong></span> <span class='ocrx_word' id='word_1_142' title='bbox 284 1926 416 2005; x_wconf 71' lang='lat' dir='ltr'><strong>liguum,</strong></span> <span class='ocrx_word' id='word_1_143' title='bbox 426 1926 520 2008; x_wconf 78' lang='lat' dir='ltr'><strong>Sipno</strong></span> <span class='ocrx_word' id='word_1_144' title='bbox 532 1928 629 1989; x_wconf 79' lang='lat' dir='ltr'><strong>erneis</strong></span> <span class='ocrx_word' id='word_1_145' title='bbox 642 1946 670 1989; x_wconf 86' lang='lat' dir='ltr'><strong>ae</strong></span> <span class='ocrx_word' id='word_1_146' title='bbox 681 1928 808 2005; x_wconf 79' lang='lat' dir='ltr'><strong>munire,</strong></span> <span class='ocrx_word' id='word_1_147' title='bbox 819 1936 907 2010; x_wconf 84' lang='lat' dir='ltr'><strong>atque</strong></span> <span class='ocrx_word' id='word_1_148' title='bbox 916 1933 1040 1988; x_wconf 84' lang='lat' dir='ltr'><strong>mentem</strong></span> <span class='ocrx_word' id='word_1_149' title='bbox 1054 1926 1092 1988; x_wconf 84' lang='lat' dir='ltr'><strong>ab</strong></span> <span class='ocrx_word' id='word_1_150' title='bbox 1102 1924 1156 1985; x_wconf 83' lang='lat' dir='ltr'><strong>illc</strong></span> <span class='ocrx_word' id='word_1_151' title='bbox 1172 1952 1174 1999; x_wconf 61' lang='lat' dir='ltr'><strong>p</strong></span> 
     </span>
     <span class='ocr_line' id='line_1_21' title="bbox 186 2008 1174 2093; baseline -0.001 -22"><span class='ocrx_word' id='word_1_152' title='bbox 186 2014 269 2093; x_wconf 76' lang='lat' dir='ltr'><strong>turpi</strong></span> <span class='ocrx_word' id='word_1_153' title='bbox 285 2013 476 2076; x_wconf 78' lang='lat' dir='ltr'><strong>delectatione</strong></span> <span class='ocrx_word' id='word_1_154' title='bbox 491 2015 659 2089; x_wconf 74' lang='lat' dir='ltr'><strong>auertendo,</strong></span> <span class='ocrx_word' id='word_1_155' title='bbox 673 2035 708 2077; x_wconf 86' lang='lat' dir='ltr'><strong>ue</strong></span> <span class='ocrx_word' id='word_1_156' title='bbox 721 2017 840 2077; x_wconf 86' lang='lat' dir='ltr'><strong>nomina</strong></span> <span class='ocrx_word' id='word_1_157' title='bbox 853 2015 1040 2077; x_wconf 77' lang='lat' dir='ltr'><strong>sanctissimo</strong></span> <span class='ocrx_word' id='word_1_158' title='bbox 1053 2016 1121 2075; x_wconf 76' lang='lat' dir='ltr'><strong>dean</strong></span> <span class='ocrx_word' id='word_1_159' title='bbox 1132 2020 1156 2070; x_wconf 67' lang='lat' dir='ltr'><strong>ot</strong></span> <span class='ocrx_word' id='word_1_160' title='bbox 1172 2008 1174 2049; x_wconf 78' lang='lat' dir='ltr'><strong>l</strong></span> 
     </span>
     <span class='ocr_line' id='line_1_22' title="bbox 187 2096 1155 2185; baseline -0.001 -24"><span class='ocrx_word' id='word_1_161' title='bbox 187 2100 292 2163; x_wconf 71' lang='lat' dir='ltr'><strong>Murice</strong></span> <span class='ocrx_word' id='word_1_162' title='bbox 307 2104 477 2174; x_wconf 83' lang='lat' dir='ltr'><strong>invocando,</strong></span> <span class='ocrx_word' id='word_1_163' title='bbox 494 2123 540 2165; x_wconf 88' lang='lat' dir='ltr'><strong>eos</strong></span> <span class='ocrx_word' id='word_1_164' title='bbox 553 2105 700 2179; x_wconf 71' lang='lat' dir='ltr'><strong>ferventer</strong></span> <span class='ocrx_word' id='word_1_165' title='bbox 719 2106 840 2185; x_wconf 78' lang='lat' dir='ltr'><strong>precari</strong></span> <span class='ocrx_word' id='word_1_166' title='bbox 861 2096 899 2166; x_wconf 60' lang='lat' dir='ltr'><strong>ne&#39;</strong></span> <span class='ocrx_word' id='word_1_167' title='bbox 920 2103 1017 2165; x_wconf 83' lang='lat' dir='ltr'><strong>ellum</strong></span> <span class='ocrx_word' id='word_1_168' title='bbox 1044 2102 1155 2183; x_wconf 77' lang='lat' dir='ltr'><strong>lapsum</strong></span> 
     </span>
     <span class='ocr_line' id='line_1_23' title="bbox 185 2192 1032 2271; baseline -0.006 -20"><span class='ocrx_word' id='word_1_169' title='bbox 185 2192 387 2271; x_wconf 53' lang='lat' dir='ltr'><strong>permittente</strong></span> <span class='ocrx_word' id='word_1_170' title='bbox 1028 2238 1032 2246; x_wconf 80' lang='grc'><strong>.</strong></span> 
     </span>
    </p>

    <p class='ocr_par' dir='ltr' id='par_1_5' title="bbox 137 2279 1175 3246">
     <span class='ocr_line' id='line_1_24' title="bbox 229 2279 1156 2364; baseline -0.002 -24"><span class='ocrx_word' id='word_1_171' title='bbox 229 2281 261 2341; x_wconf 85' lang='grc' dir='ltr'><strong>Ρ.</strong></span> <span class='ocrx_word' id='word_1_172' title='bbox 287 2280 444 2362; x_wconf 85' lang='lat' dir='ltr'><strong>Debreyne</strong></span> <span class='ocrx_word' id='word_1_173' title='bbox 479 2284 598 2364; x_wconf 80' lang='lat' dir='ltr'><strong>Magnae</strong></span> <span class='ocrx_word' id='word_1_174' title='bbox 619 2285 752 2364; x_wconf 37' lang='lat' dir='ltr'><strong>&#39;&#39;frappae</strong></span> <span class='ocrx_word' id='word_1_175' title='bbox 787 2280 966 2351; x_wconf 58' lang='lat' dir='ltr'><strong>monachum</strong></span> <span class='ocrx_word' id='word_1_176' title='bbox 999 2285 1030 2342; x_wconf 91' lang='lat' dir='ltr'><strong>et</strong></span> <span class='ocrx_word' id='word_1_177' title='bbox 1055 2279 1156 2341; x_wconf 91' lang='lat' dir='ltr'><strong>doctor</strong></span> 
     </span>
     <span class='ocr_line' id='line_1_25' title="bbox 188 2367 1155 2451; baseline -0.003 -23"><span class='ocrx_word' id='word_1_178' title='bbox 188 2368 334 2439; x_wconf 81' lang='lat' dir='ltr'><strong>medicus&#39;,</strong></span> <span class='ocrx_word' id='word_1_179' title='bbox 349 2369 463 2431; x_wconf 84' lang='lat' dir='ltr'><strong>indicet</strong></span> <span class='ocrx_word' id='word_1_180' title='bbox 476 2371 506 2430; x_wconf 91' lang='lat' dir='ltr'><strong>lu</strong></span> <span class='ocrx_word' id='word_1_181' title='bbox 518 2389 581 2432; x_wconf 89' lang='lat' dir='ltr'><strong>uno</strong></span> <span class='ocrx_word' id='word_1_182' title='bbox 591 2389 629 2433; x_wconf 85' lang='lat' dir='ltr'><strong>ex</strong></span> <span class='ocrx_word' id='word_1_183' title='bbox 645 2372 707 2432; x_wconf 87' lang='lat' dir='ltr'><strong>suis</strong></span> <span class='ocrx_word' id='word_1_184' title='bbox 721 2369 866 2451; x_wconf 88' lang='lat' dir='ltr'><strong>operibus</strong></span> <span class='ocrx_word' id='word_1_185' title='bbox 877 2367 1002 2430; x_wconf 91' lang='lat' dir='ltr'><strong>modum</strong></span> <span class='ocrx_word' id='word_1_186' title='bbox 1018 2387 1083 2450; x_wconf 89' lang='lat' dir='ltr'><strong>quo</strong></span> <span class='ocrx_word' id='word_1_187' title='bbox 1096 2368 1155 2428; x_wconf 86' lang='lat' dir='ltr'><strong>sinc</strong></span> 
     </span>
     <span class='ocr_line' id='line_1_26' title="bbox 188 2455 1155 2540; baseline -0.001 -24"><span class='ocrx_word' id='word_1_188' title='bbox 188 2457 323 2536; x_wconf 85' lang='lat' dir='ltr'><strong>periculo</strong></span> <span class='ocrx_word' id='word_1_189' title='bbox 337 2459 472 2520; x_wconf 87' lang='lat' dir='ltr'><strong>sanitatis</strong></span> <span class='ocrx_word' id='word_1_190' title='bbox 486 2459 617 2540; x_wconf 82' lang='lat' dir='ltr'><strong>quisque</strong></span> <span class='ocrx_word' id='word_1_191' title='bbox 630 2465 725 2539; x_wconf 88' lang='lat' dir='ltr'><strong>potest</strong></span> <span class='ocrx_word' id='word_1_192' title='bbox 739 2458 857 2520; x_wconf 85' lang='lat' dir='ltr'><strong>fluxum</strong></span> <span class='ocrx_word' id='word_1_193' title='bbox 866 2455 1025 2536; x_wconf 83' lang='lat' dir='ltr'><strong>impedire.</strong></span> <span class='ocrx_word' id='word_1_194' title='bbox 1044 2455 1090 2516; x_wconf 79' lang='lat' dir='ltr'><strong>Ad</strong></span> <span class='ocrx_word' id='word_1_195' title='bbox 1104 2455 1155 2515; x_wconf 88' lang='lat' dir='ltr'><strong>hoc</strong></span> 
     </span>
     <span class='ocr_line' id='line_1_27' title="bbox 187 2544 1153 2627; baseline -0.005 -21"><span class='ocrx_word' id='word_1_196' title='bbox 187 2545 307 2617; x_wconf 85' lang='lat' dir='ltr'><strong>suflicit,</strong></span> <span class='ocrx_word' id='word_1_197' title='bbox 324 2545 433 2627; x_wconf 83' lang='lat' dir='ltr'><strong>inquit,</strong></span> <span class='ocrx_word' id='word_1_198' title='bbox 449 2548 532 2627; x_wconf 67' lang='lat' dir='ltr'><strong>(pund</strong></span> <span class='ocrx_word' id='word_1_199' title='bbox 546 2548 713 2609; x_wconf 91' lang='lat' dir='ltr'><strong>eoinstauti</strong></span> <span class='ocrx_word' id='word_1_200' title='bbox 729 2565 791 2627; x_wconf 82' lang='lat' dir='ltr'><strong>quo</strong></span> <span class='ocrx_word' id='word_1_201' title='bbox 805 2545 930 2607; x_wconf 87' lang='lat' dir='ltr'><strong>seminis</strong></span> <span class='ocrx_word' id='word_1_202' title='bbox 946 2544 1077 2606; x_wconf 81' lang='lat' dir='ltr'><strong>effluxus</strong></span> <span class='ocrx_word' id='word_1_203' title='bbox 1100 2544 1153 2603; x_wconf 86' lang='lat' dir='ltr'><strong>im-</strong></span> 
     </span>
     <span class='ocr_line' id='line_1_28' title="bbox 182 2632 1155 2717; baseline -0.001 -24"><span class='ocrx_word' id='word_1_204' title='bbox 182 2635 305 2705; x_wconf 79' lang='lat' dir='ltr'><strong>minet,</strong></span> <span class='ocrx_word' id='word_1_205' title='bbox 333 2634 419 2696; x_wconf 83' lang='lat' dir='ltr'><strong>fortis</strong></span> <span class='ocrx_word' id='word_1_206' title='bbox 439 2635 512 2709; x_wconf 85' lang='lat' dir='ltr'><strong>liat,</strong></span> <span class='ocrx_word' id='word_1_207' title='bbox 537 2635 638 2697; x_wconf 91' lang='lat' dir='ltr'><strong>medio</strong></span> <span class='ocrx_word' id='word_1_208' title='bbox 666 2634 843 2717; x_wconf 76' lang='lat' dir='ltr'><strong>digitorum,</strong></span> <span class='ocrx_word' id='word_1_209' title='bbox 870 2633 1057 2714; x_wconf 85' lang='lat' dir='ltr'><strong>compressio</strong></span> <span class='ocrx_word' id='word_1_210' title='bbox 1083 2632 1155 2692; x_wconf 79' lang='lat' dir='ltr'><strong>inin</strong></span> 
     </span>
     <span class='ocr_line' id='line_1_29' title="bbox 187 2719 1155 2805; baseline -0.004 -24"><span class='ocrx_word' id='word_1_211' title='bbox 187 2739 277 2783; x_wconf 88' lang='lat' dir='ltr'><strong>crura</strong></span> <span class='ocrx_word' id='word_1_212' title='bbox 301 2740 396 2803; x_wconf 88' lang='lat' dir='ltr'><strong>prope</strong></span> <span class='ocrx_word' id='word_1_213' title='bbox 424 2740 540 2797; x_wconf 83' lang='lat' dir='ltr'><strong>anum,</strong></span> <span class='ocrx_word' id='word_1_214' title='bbox 570 2723 770 2804; x_wconf 81' lang='lat' dir='ltr'><strong>quoadusque</strong></span> <span class='ocrx_word' id='word_1_215' title='bbox 796 2723 916 2805; x_wconf 89' lang='lat' dir='ltr'><strong>penitus</strong></span> <span class='ocrx_word' id='word_1_216' title='bbox 945 2719 1155 2803; x_wconf 85' lang='lat' dir='ltr'><strong>conquiescant</strong></span> 
     </span>
     <span class='ocr_line' id='line_1_30' title="bbox 187 2810 1175 2892; baseline -0.005 -22"><span class='ocrx_word' id='word_1_217' title='bbox 187 2816 289 2873; x_wconf 81' lang='lat' dir='ltr'><strong>tuctus</strong></span> <span class='ocrx_word' id='word_1_218' title='bbox 316 2810 490 2873; x_wconf 75' lang='lat' dir='ltr'><strong>inordinati.</strong></span> <span class='ocrx_word' id='word_1_219' title='bbox 507 2811 712 2892; x_wconf 86' lang='lat' dir='ltr'><strong>Pluribusque</strong></span> <span class='ocrx_word' id='word_1_220' title='bbox 726 2830 829 2874; x_wconf 86' lang='lat' dir='ltr'><strong>revera</strong></span> <span class='ocrx_word' id='word_1_221' title='bbox 845 2810 903 2873; x_wconf 90' lang='lat' dir='ltr'><strong>hoe</strong></span> <span class='ocrx_word' id='word_1_222' title='bbox 916 2810 1154 2890; x_wconf 84' lang='lat' dir='ltr'><strong>experimentum</strong></span> <span class='ocrx_word' id='word_1_223' title='bbox 1174 2854 1175 2887; x_wconf 75' lang='lat'>;</span> 
     </span>
     <span class='ocr_line' id='line_1_31' title="bbox 186 2895 1175 2983; baseline -0.005 -24"><span class='ocrx_word' id='word_1_224' title='bbox 186 2897 311 2959; x_wconf 77' lang='lat' dir='ltr'><strong>feliciter</strong></span> <span class='ocrx_word' id='word_1_225' title='bbox 337 2900 501 2974; x_wconf 85' lang='lat' dir='ltr'><strong>successit,</strong></span> <span class='ocrx_word' id='word_1_226' title='bbox 520 2899 698 2981; x_wconf 89' lang='lat' dir='ltr'><strong>nullusque</strong></span> <span class='ocrx_word' id='word_1_227' title='bbox 723 2899 847 2961; x_wconf 82' lang='lat' dir='ltr'><strong>moritus</strong></span> <span class='ocrx_word' id='word_1_228' title='bbox 871 2897 941 2959; x_wconf 88' lang='lat' dir='ltr'><strong>inde</strong></span> <span class='ocrx_word' id='word_1_229' title='bbox 969 2895 1023 2958; x_wconf 89' lang='lat' dir='ltr'><strong>fuit</strong></span> <span class='ocrx_word' id='word_1_230' title='bbox 1048 2896 1175 2983; x_wconf 56' lang='lat' dir='ltr'><strong>sullae-3</strong></span> 
     </span>
     <span class='ocr_line' id='line_1_32' title="bbox 137 2989 1175 3057; baseline 0.002 -10"><span class='ocrx_word' id='word_1_231' title='bbox 137 2989 139 2993; x_wconf 83' lang='lat'>&#39;</span> <span class='ocrx_word' id='word_1_232' title='bbox 187 2993 292 3049; x_wconf 77' lang='lat' dir='ltr'><strong>cutus.=</strong></span> <span class='ocrx_word' id='word_1_233' title='bbox 1174 2992 1175 3057; x_wconf 67' lang='lat' dir='ltr'><strong>t</strong></span> 
     </span>
     <span class='ocr_line' id='line_1_33' title="bbox 227 3071 1175 3154; baseline -0.008 -17"><span class='ocrx_word' id='word_1_234' title='bbox 227 3078 295 3138; x_wconf 80' lang='grc'><strong>163.</strong></span> <span class='ocrx_word' id='word_1_235' title='bbox 319 3077 441 3147; x_wconf 85' lang='lat' dir='ltr'><strong>Quaerit.</strong></span> <span class='ocrx_word' id='word_1_236' title='bbox 465 3080 496 3139; x_wconf 78' lang='lat'><strong>3⁰</strong></span> <span class='ocrx_word' id='word_1_237' title='bbox 511 3077 587 3152; x_wconf 83' lang='lat' dir='ltr'><strong>Quid</strong></span> <span class='ocrx_word' id='word_1_238' title='bbox 600 3077 637 3138; x_wconf 89' lang='lat' dir='ltr'><strong>sit</strong></span> <span class='ocrx_word' id='word_1_239' title='bbox 652 3075 845 3138; x_wconf 86' lang='lat' dir='ltr'><strong>sentiendum</strong></span> <span class='ocrx_word' id='word_1_240' title='bbox 857 3074 896 3136; x_wconf 92' lang='lat' dir='ltr'><strong>de</strong></span> <span class='ocrx_word' id='word_1_241' title='bbox 907 3071 1078 3154; x_wconf 90' lang='lat' dir='ltr'><strong>pollutione</strong></span> <span class='ocrx_word' id='word_1_242' title='bbox 1089 3088 1153 3130; x_wconf 92' lang='lat' dir='ltr'><strong>nnc·</strong></span> <span class='ocrx_word' id='word_1_243' title='bbox 1174 3136 1175 3143; x_wconf 9' lang='grc' dir='ltr'>χ</span> 
     </span>
     <span class='ocr_line' id='line_1_34' title="bbox 188 3150 1175 3246; baseline -0.002 -23"><span class='ocrx_word' id='word_1_244' title='bbox 188 3164 276 3225; x_wconf 84' lang='lat' dir='ltr'><strong>turne</strong></span> <span class='ocrx_word' id='word_1_245' title='bbox 291 3182 343 3226; x_wconf 93' lang='lat' dir='ltr'><strong>seu</strong></span> <span class='ocrx_word' id='word_1_246' title='bbox 359 3164 390 3226; x_wconf 90' lang='lat' dir='ltr'><strong>in</strong></span> <span class='ocrx_word' id='word_1_247' title='bbox 404 3182 514 3227; x_wconf 91' lang='lat' dir='ltr'><strong>somno</strong></span> <span class='ocrx_word' id='word_1_248' title='bbox 529 3164 747 3246; x_wconf 65' lang='lat' dir='ltr'><strong>contingente?</strong></span> <span class='ocrx_word' id='word_1_249' title='bbox 1174 3150 1175 3221; x_wconf 67' lang='grc' dir='ltr'>Ϊ</span> 
     </span>
    </p>

    <p class='ocr_par' dir='ltr' id='par_1_6' title="bbox 187 3240 1175 3425">
     <span class='ocr_line' id='line_1_35' title="bbox 226 3250 1175 3363; baseline -0.011 -50"><span class='ocrx_word' id='word_1_250' title='bbox 226 3254 319 3334; x_wconf 85' lang='lat' dir='ltr'><strong>Resp.</strong></span> <span class='ocrx_word' id='word_1_251' title='bbox 343 3254 416 3314; x_wconf 85' lang='lat' dir='ltr'><strong>Esse</strong></span> <span class='ocrx_word' id='word_1_252' title='bbox 430 3253 556 3334; x_wconf 88' lang='lat' dir='ltr'><strong>quidem</strong></span> <span class='ocrx_word' id='word_1_253' title='bbox 565 3257 721 3334; x_wconf 87' lang='lat' dir='ltr'><strong>peccatum</strong></span> <span class='ocrx_word' id='word_1_254' title='bbox 738 3250 866 3314; x_wconf 85' lang='lat' dir='ltr'><strong>mortale</strong></span> <span class='ocrx_word' id='word_1_255' title='bbox 873 3251 898 3312; x_wconf 86' lang='lat' dir='ltr'><strong>si</strong></span> <span class='ocrx_word' id='word_1_256' title='bbox 911 3250 1075 3312; x_wconf 79' lang='lat' dir='ltr'><strong>formaliter</strong></span> <span class='ocrx_word' id='word_1_257' title='bbox 1086 3252 1152 3344; x_wconf 79' lang='lat' dir='ltr'><strong>aute</strong></span> <span class='ocrx_word' id='word_1_258' title='bbox 1173 3272 1175 3363; x_wconf 65' lang='lat' dir='ltr'><strong>p</strong></span> 
     </span>
     <span class='ocr_line' id='line_1_36' title="bbox 187 3340 1175 3425; baseline -0.011 -23"><span class='ocrx_word' id='word_1_259' title='bbox 187 3359 330 3402; x_wconf 88' lang='lat' dir='ltr'><strong>somnum</strong></span> <span class='ocrx_word' id='word_1_260' title='bbox 347 3340 437 3403; x_wconf 88' lang='lat' dir='ltr'><strong>luerit</strong></span> <span class='ocrx_word' id='word_1_261' title='bbox 451 3342 541 3403; x_wconf 82' lang='lat' dir='ltr'><strong>volita</strong></span> <span class='ocrx_word' id='word_1_262' title='bbox 555 3347 585 3403; x_wconf 91' lang='lat' dir='ltr'><strong>et</strong></span> <span class='ocrx_word' id='word_1_263' title='bbox 598 3360 691 3404; x_wconf 85' lang='lat' dir='ltr'><strong>causa</strong></span> <span class='ocrx_word' id='word_1_264' title='bbox 708 3340 823 3403; x_wconf 89' lang='lat' dir='ltr'><strong>nonsit</strong></span> <span class='ocrx_word' id='word_1_265' title='bbox 839 3344 1006 3401; x_wconf 84' lang='lat' dir='ltr'><strong>retraetata.</strong></span> <span class='ocrx_word' id='word_1_266' title='bbox 1033 3341 1102 3399; x_wconf 91' lang='lat' dir='ltr'><strong>ltem</strong></span> <span class='ocrx_word' id='word_1_267' title='bbox 1128 3353 1149 3392; x_wconf 76' lang='lat' dir='ltr'><strong>si</strong></span> <span class='ocrx_word' id='word_1_268' title='bbox 1173 3370 1175 3425; x_wconf 49' lang='lat' dir='ltr'><strong>p</strong></span> 
     </span>
    </p>
   </div>
   <div class='ocr_carea' id='block_1_3' title="bbox 217 3557 1175 3758">
    <p class='ocr_par' dir='ltr' id='par_1_7' title="bbox 217 3480 1175 3758">
     <span class='ocr_line' id='line_1_37' title="bbox 218 3557 614 3621; baseline 0.007 -14"><span class='ocrx_word' id='word_1_269' title='bbox 218 3558 242 3607; x_wconf 90' lang='lat' dir='ltr'><strong>l.</strong></span> <span class='ocrx_word' id='word_1_270' title='bbox 261 3557 362 3609; x_wconf 76' lang='lat' dir='ltr'><strong>lliarert.</strong></span> <span class='ocrx_word' id='word_1_271' title='bbox 376 3558 399 3619; x_wconf 88' lang='lat' dir='ltr'><strong>ll,</strong></span> <span class='ocrx_word' id='word_1_272' title='bbox 416 3558 614 3621; x_wconf 76' lang='lat' dir='ltr'><strong>art.12,inliue.</strong></span> 
     </span>
     <span class='ocr_line' id='line_1_38' title="bbox 217 3627 1175 3693; baseline -0.002 -18"><span class='ocrx_word' id='word_1_273' title='bbox 217 3627 241 3677; x_wconf 72' lang='lat'><strong>2.</strong></span> <span class='ocrx_word' id='word_1_274' title='bbox 258 3627 286 3676; x_wconf 91' lang='lat' dir='ltr'><strong>ln</strong></span> <span class='ocrx_word' id='word_1_275' title='bbox 297 3627 409 3690; x_wconf 83' lang='lat' dir='ltr'><strong>Sextum,</strong></span> <span class='ocrx_word' id='word_1_276' title='bbox 422 3644 446 3693; x_wconf 88' lang='lat' dir='ltr'><strong>p.</strong></span> <span class='ocrx_word' id='word_1_277' title='bbox 459 3629 491 3679; x_wconf 79' lang='lat' dir='ltr'><strong>te</strong></span> <span class='ocrx_word' id='word_1_278' title='bbox 502 3636 527 3681; x_wconf 87' lang='lat' dir='ltr'><strong>et</strong></span> <span class='ocrx_word' id='word_1_279' title='bbox 536 3629 576 3681; x_wconf 80' lang='lat'><strong>30.</strong></span> <span class='ocrx_word' id='word_1_280' title='bbox 995 3631 1006 3639; x_wconf 61' lang='lat'><strong>&#39;⁴</strong></span> <span class='ocrx_word' id='word_1_281' title='bbox 1173 3644 1175 3673; x_wconf 88' lang='lat' dir='ltr'><strong>t</strong></span> 
     </span>
     <span class='ocr_line' id='line_1_39' title="bbox 217 3697 1100 3758; baseline 0.006 -11"><span class='ocrx_word' id='word_1_282' title='bbox 217 3697 241 3747; x_wconf 79' lang='grc'><strong>3.</strong></span> <span class='ocrx_word' id='word_1_283' title='bbox 260 3697 313 3747; x_wconf 81' lang='lat' dir='ltr'><strong>Ltt.</strong></span> <span class='ocrx_word' id='word_1_284' title='bbox 325 3698 386 3758; x_wconf 81' lang='lat' dir='ltr'><strong>3‚u⁰</strong></span> <span class='ocrx_word' id='word_1_285' title='bbox 398 3699 453 3749; x_wconf 69' lang='lat' dir='ltr'><strong>lli.</strong></span> <span class='ocrx_word' id='word_1_286' title='bbox 1052 3697 1055 3705; x_wconf 88' lang='lat'>&#39;</span> <span class='ocrx_word' id='word_1_287' title='bbox 1097 3726 1100 3735; x_wconf 78' lang='lat'>=</span> 
     </span>
    </p>
   </div>
   <div class='ocr_carea' id='block_1_4' title="bbox 0 0 1190 4094">
    <p class='ocr_par' dir='ltr' id='par_1_8' title="bbox 0 0 1190 4094">
     <span class='ocr_line' id='line_1_40' title="bbox 0 0 1190 4094; baseline 0 0"><span class='ocrx_word' id='word_1_288' title='bbox 0 0 1190 4094; x_wconf 95' lang='lat' dir='ltr'><strong> </strong></span> 
     </span>
    </p>
   </div>
  </div>
 </body>
</html>
