2362 4094
294 111 483 159 urssnararro
503 112 537 157 11.
559 110 652 155 orrur
672 109 718 154 ru.
936 90 992 154 itt

392 303 534 372 CAPUT
558 304 617 370 ΙΙΙ.

307 500 350 545 DE
375 500 494 548 DEBITO
518 499 711 547 CONJUGALI.

57 672 127 731 nor.
152 669 220 731 Sibi
246 669 374 731 invicem
398 669 555 745 nubendo,
579 669 726 748 coniuges
748 667 870 728 tradunt
893 667 942 745 ius
965 668 997 728 in

24 774 129 838 corpus
144 759 183 819 ad
200 758 421 837 procreandam
448 757 562 836 prolem
580 778 586 817 :
605 775 696 836 porro
720 756 864 835 obligatio
888 756 998 818 exinde

25 853 82 906 orta
97 853 229 910 vocatur
243 844 378 907 debitum
392 847 563 926 conjugale.

322 1094 324 1097 v
388 1056 598 1118 ARTICULUS
614 1056 637 1117 l.

212 1225 251 1268 DE
272 1224 482 1272 Litolrturrnru
503 1219 676 1271 CONJUGALIS
695 1225 803 1270 orriri.

481 1379 540 1458 §l-
629 1396 634 1403 '

102 1523 145 1582 lle
169 1517 359 1600 legitimitate
378 1517 549 1599 hujusmodi
568 1518 663 1582 debiti
682 1519 715 1579 in
734 1538 763 1580 se
782 1522 919 1601 spectati.

62 1710 136 1768 toa.
164 1706 284 1765 Bonum
298 1710 343 1764 est
356 1703 584 1765 matrimonium
598 1722 605 1764 :
617 1709 772 1765 auctorem
786 1704 869 1766 enim
884 1703 1000 1784 ipsum-

28 1803 87 1856 met
99 1797 201 1855 Deum
216 1792 317 1867 habet,
332 1800 361 1854 et
375 1792 412 1854 ad
426 1792 605 1872 dignitatem
631 1793 812 1855 sacramenti
837 1811 855 1852 a
881 1791 1000 1854 Christo

26 1883 80 1945 luit
104 1890 246 1944 erectum
262 1881 385 1962 :sicque
411 1883 492 1942 Deus
519 1898 616 1961 genus
644 1880 815 1944 humanum
835 1881 997 1963 propagari

26 1971 262 2052 conservarique
277 1971 437 2040 statuitur
450 1969 560 2031 eodem
575 1970 676 2033 medio
700 1968 834 2032 Christus
862 1969 1001 2031 tideiium

28 2059 274 2140 multiplicationi
288 2058 382 2118 voluit
398 2057 566 2139 providere.
583 2060 670 2122 Unde
689 2065 770 2138 patet
788 2059 945 2119 manifeste
964 2058 1002 2119 li-

27 2149 123 2211 citum
136 2165 173 2208 ac
188 2146 355 2225 legitimum
367 2164 433 2207 esse
442 2145 642 2227 idomuequo
654 2149 686 2208 iu
699 2147 895 2208 matrimonio
904 2153 1002 2228 potest

27 2237 158 2298 obtineri
171 2234 344 2314 hujusmodi
361 2235 537 2315 propagatio
562 2254 598 2297 ac
623 2236 846 2317 multiplicatio,
875 2236 1002 2315 proinde

27 2323 121 2386 debiti
147 2323 317 2403 conjugalis
339 2324 515 2402 petitionem
526 2329 556 2384 et
566 2324 786 2401 redditionem3
802 2322 886 2385 unde
901 2327 1001 2404 Apos—
1035 2334 1036 2338 ’

27 2412 120 2482 tolus,
142 2415 225 2486 Cor„
239 2417 284 2484 7.,
299 2430 326 2471 v.
343 2413 373 2484 3,
383 2411 424 2471 ait
436 2429 444 2469 t
457 2409 555 2472 (lucri
574 2413 620 2473 alr
635 2411 764 2473 debltam
779 2411 895 2489 reddat,
917 2414 1002 2473 aimi-

29 2499 100 2561 llter
110 2508 207 2562 cutem
222 2509 249 2560 et
262 2519 340 2559 anor
352 2499 426 2559 niro.
442 2500 531 2560 Nulla
544 2501 639 2581 estde
655 2501 713 2561 hoc
734 2519 791 2562 nec
815 2506 914 2582 potest
937 2519 1003 2564 esse

28 2588 202 2657 difficultas,
217 2588 322 2649 saltem
335 2587 415 2649 inter
428 2587 602 2650 catholicos.

66 2690 140 2749 263.
164 2685 336 2747 Generatim
351 2684 450 2747 licitus
475 2692 522 2747 est
545 2705 617 2749 usus
632 2686 816 2749 matrimonii
837 2688 957 2769 quoties
971 2688 1005 2750 nt

28 2776 123 2852 prolis
134 2793 243 2848 causa3
259 2772 323 2835 haec
334 2781 436 2835 tamen
449 2792 511 2836 non
525 2783 570 2836 est
581 2775 751 2837 necessario
765 2794 888 2857 semper
901 2779 1002 2839 inteu-

27 2862 149 2925 denda
143 2881 175 2923 rn
189 2862 364 2943 hujusmodi
388 2872 469 2936 actu
486 2862 654 2925 dummodo
677 2883 738 2926 uon
758 2867 912 2945 positive
906 2887 1005 2948 impe·

27 2951 225 3029 diutur31mo
240 2951 369 3032 simplici
384 2950 492 3013 affectu
507 2961 557 3032 opt
559 2971 610 3013 ue
622 2952 690 3015 licet
707 2955 852 3035 neproles
867 2964 1006 3063 nascatur

27 3039 149 3102 obeam
162 3039 263 3102 alendi
279 3039 522 3111 difficultatem.
500 3044 510 3077 ¹

68 3142 139 3200 264.
163 3137 284 3221 Quaerit
303 3142 333 3198 1⁰
349 3139 394 3196 An
411 3136 648 3200 liceatdebitum
662 3139 823 3221 conjugale
846 3143 1006 3221 peterevel

28 3226 156 3288 reddere
171 3216 237 3287 sola
249 3231 390 3287 causant
369 3224 461 3312 'tandi
473 3226 664 3287 incontinent
652 3227 747 3288 tinml

69 3326 161 3404 itesp
191 3322 350 3403 Duplicem
373 3323 645 3383 essesontentiam.
673 3324 759 3385 Multi
785 3325 909 3405 quidem
936 3345 1008 3388 cum

30 3416 61 3474 S.
75 3411 192 3474 Thoma
206 3411 312 3473 dicunt
326 3411 431 3472 adesse
445 3411 572 3472 saltem
566 3429 596 3471 m
619 3412 763 3492 petitione
781 3414 873 3474 debiti
892 3416 1008 3477 veniale

62 3614 86 3665 l.
104 3613 130 3665 S.
149 3614 262 3679 Lignum,
273 3612 317 3663 tib.
327 3613 351 3673 6,
366 3622 395 3661 u⁰
408 3612 463 3665 927.
502 3687 504 3691 ι

934 3711 951 3761 5
