2362 4094
448 199 541 246 cirnr
561 199 594 246 rr.
970 187 1008 245 75

49 367 50 370 ,
72 315 221 395 cessitius,
239 314 284 377 vel
295 316 384 378 etiam
398 315 537 378 contecto
548 334 690 396 processu
704 316 735 378 in
750 316 1010 397 proterendasen·

31 439 40 460 a
74 407 168 468 tentia
179 411 288 466 contra
297 404 493 466 sollicitantes
509 405 545 466 ad
562 406 673 486 turpia,
689 406 719 465 in
734 405 924 466 confessione
938 423 1009 486 gra-

31 491 42 556 ]
73 492 1008 567 rioribusinvolvanturdifficultatibus,remtransmissisactis,

72 584 191 644 deterre
206 587 350 662 poterunt
371 582 409 642 ad
429 581 508 643 hanc
528 600 702 662 supremam
724 582 1006 661 congregationem,

33 690 56 741 ,ιι
74 686 144 752 quaa
158 671 328 752 peculiares
343 670 555 732 instructiones
569 670 697 751 singulis
707 670 826 732 casibus
840 689 1010 733 occorrono

72 761 170 835 datas,
181 766 216 821 ut
229 777 309 839 saepe
327 757 373 832 tit,
395 758 502 832 tradet,
522 777 557 819 ac
571 758 757 819 definitivam
778 759 969 833 sententiam,
985 759 1009 819 si

19 852 20 865 ¹
40 874 54 908 «
73 849 242 929 expediens
264 846 365 920 luerit,
385 846 449 926 ipsa
462 845 604 926 proferet.
622 849 694 908 Haec
713 854 784 908 sunt
798 866 868 928 quae
881 848 918 909 ad
931 866 1010 928 prae·

39 964 53 997 «
71 940 185 1001 dictam
201 935 388 1017 pontificiam
403 935 649 997 constitutionem
663 943 751 998 caute
770 945 913 1017 recteque
936 956 1009 999 exe-

40 1053 53 1087 «
72 1027 228 1109 quendam
251 1024 439 1098 conducunt,
456 1041 597 1104 queque,
615 1029 720 1106 utpote
737 1024 851 1105 ubique
871 1025 1007 1087 locorum

39 1117 237 1178 «observatu
257 1111 372 1186 facilia,
394 1130 480 1173 sacra
501 1110 566 1173 haec
587 1112 788 1191 congregati«
808 1131 960 1194 supremae
978 1122 1009 1175 et
1046 1181 1049 1185 ,

38 1228 52 1262 «
71 1199 469 1281 universalislnquisitionis
487 1199 628 1280 pastorali
648 1200 876 1262 ordinariorum
895 1200 959 1262 zelo
972 1220 1008 1264 ac

24 1316 52 1363 ,«
72 1289 273 1355 sollicitudini
287 1287 482 1350 vehementer
492 1288 700 1359 commendat,
713 1322 749 1334 -
766 1289 875 1351 Datum
891 1291 1004 1364 ltomae,

37 1404 51 1439 «
71 1382 122 1443 die
136 1383 177 1442 20
192 1377 350 1452 februarii,
364 1394 415 1461 an.
431 1380 518 1439 tuor.

73 1474 143 1533 136.
167 1490 183 1526 n
207 1467 316 1529 Modus
334 1484 396 1547 quo
417 1466 510 1546 recipi
529 1465 641 1527 debent
654 1465 909 1544 denuntiationes,
930 1467 959 1527 in
975 1487 1008 1531 re

36 1582 50 1617 «
69 1560 108 1621 ad
125 1555 369 1620 sollicitationem
391 1560 557 1635 spectante,
573 1553 611 1616 ab
624 1553 670 1626 iis,
683 1554 736 1635 qui
751 1554 789 1615 ad
802 1555 1006 1617 denuntiatio·

35 1670 49 1704 «
69 1666 143 1709 nem
157 1645 291 1725 aliquam
305 1643 420 1725 absque
431 1644 602 1705 interventu
612 1642 720 1704 notarii
735 1643 939 1724 recipiendam
953 1643 1007 1705 de-

35 1759 49 1794 «
67 1737 236 1817 legantur:

156 1846 171 1881 (ι
192 1822 286 1883 Die...
303 1820 453 1883 mensis...
469 1821 542 1882 anni
559 1842 565 1879 :
629 1890 631 1895 ¹

72 1937 88 1971 «
102 1916 219 1993 Sponte
227 1908 425 1992 personaliter
433 1909 604 1988 comparuit
615 1924 718 1969 coram
728 1926 776 1970 me
790 1908 867 1970 infra
880 1908 1004 1990 scripto,

33 2025 47 2061 «
66 2002 196 2065 sistente
210 2001 277 2060 in...
287 2044 293 2058 .
303 1996 429 2077 (notabit
443 1997 544 2059 locum
553 1997 604 2058 uui
613 1998 805 2076 reperiturad
815 2003 916 2059 actum
929 1999 1004 2059 reci·

31 2110 46 2143 «
65 2088 243 2168 piendum),
267 2086 401 2147 adhunc
422 2093 522 2146 actum
545 2090 663 2146 tantum
686 2086 724 2146 ab
749 2084 952 2146 Illustrissimo
975 2093 1006 2147 et

32 2198 45 2231 «
65 2174 333 2238 Reverendissimo
351 2176 388 2234 N.
408 2173 577 2253 specialiter
601 2172 749 2253 delegato,
764 2181 852 2253 prout
867 2190 905 2233 ex
923 2174 1005 2250 ejus-

30 2287 44 2321 «
62 2264 284 2327 demtlrdinari
293 2258 410 2324 ilitteris
421 2262 494 2322 mihi
504 2259 626 2323 directis
639 2262 754 2323 eldatis
767 2260 824 2323 sub
836 2260 935 2321 die...
949 2259 1006 2341 (ex-

30 2375 44 2409 «
63 2354 179 2433 primet
197 2350 318 2431 quodie
332 2350 388 2430 ipsi
403 2351 523 2429 scriptae
537 2349 650 2411 luerint
668 2349 785 2430 litterae)
801 2349 940 2430 praesenti
954 2349 1006 2412 de-

28 2463 42 2498 «
63 2438 523 2522 positionialligandis,NN....»
542 2438 802 2518 (Scribetnomen,
819 2454 1003 2517 cognomen,

25 2538 156 2606 patrem,
181 2528 321 2608 patriam,
344 2532 475 2600 aetatem,
501 2525 706 2588 conditionem
734 2534 765 2587 et
786 2525 1003 2589 habitationem

24 2635 166 2697 personae
180 2612 405 2686 denuntiantis:
422 2622 452 2677 et
467 2617 490 2677 si
505 2615 571 2677 haec
585 2614 724 2694 religiosa
742 2613 841 2690 luerit,
856 2618 1004 2698 exprimet

24 2707 117 2769 etiam
136 2722 262 2781 nomen,
278 2722 339 2785 quo
353 2722 388 2766 ea
404 2705 567 2767 vocabatur
588 2705 620 2764 in
635 2703 757 2771 saeculo.
772 2704 887 2768 Deinde
902 2725 1004 2787 prose-

23 2800 138 2874 quetur
156 2792 184 2874 z)
203 2816 218 2853 «
230 2793 283 2855 Cui
306 2792 407 2854 delato
419 2792 592 2871 juramento
607 2793 739 2853 veritatis
751 2790 902 2869 dicendae,
920 2796 1003 2877 quod

24 2881 165 2961 praestitit
193 2882 279 2943 tactis
300 2883 357 2953 ,SS.
373 2880 428 2941 Dei
453 2881 626 2962 Evangeliis
648 2878 729 2961 (quae
757 2899 849 2943 manu
879 2890 1003 2965 tangere

25 2970 142 3052 saciet),
159 2969 298 3050 exposuit
308 2976 343 3030 ut
356 2969 433 3030 intra
443 2968 638 3031 videlicet...»
656 2971 722 3050 (Hic
738 2989 864 3050 persona
879 2972 998 3036 denun-

23 3060 105 3121 tians
128 3054 295 3121 vernaculo
316 3074 457 3137 sermone
474 3056 627 3119 declarare
640 3057 730 3120 debet
750 3077 782 3120 se
806 3060 882 3121 scire
898 3061 1002 3124 obten-

21 3154 86 3211 tam
110 3166 177 3210 esse
191 3147 230 3208 alr
244 3146 403 3208 Ordinarin
418 3145 476 3208 loci
491 3145 667 3208 facultatem
686 3148 864 3226 recipiendi,
887 3150 1002 3231 absque

22 3237 200 3298 interventu
215 3234 335 3309 notarii,
349 3233 431 3315 quod
446 3233 484 3295 ad
499 3252 587 3296 suam
600 3236 816 3298 conscientiam
831 3256 1002 3301 exoneran-

21 3324 93 3387 dam
108 3323 284 3406 expositura
298 3329 355 3396 est,
373 3327 531 3403 propterea
547 3325 619 3403 quia
632 3324 721 3402 justis
735 3324 773 3386 de
787 3327 888 3386 causis
901 3327 999 3390 eidem

20 3412 289 3478 Reverendissimo
307 3410 439 3471 Antistiti
453 3428 485 3472 se
500 3409 604 3472 sistere
620 3413 739 3492 nequit;
752 3413 863 3476 deinde
878 3433 1000 3478 narrare

20 3505 171 3565 continuo
182 3500 273 3563 debet
285 3516 354 3579 quae
367 3499 403 3560 ad
413 3499 640 3562 sollicitationes
650 3502 678 3562 ei
687 3500 779 3563 factas
793 3501 930 3573 attinent,
944 3522 998 3568 seu

20 3596 111 3655 verba
125 3589 253 3663 luerint,
269 3606 323 3650 seu
337 3588 459 3667 scripta,
474 3605 528 3648 seu
540 3596 635 3666 actus,
651 3597 790 3651 accurate
800 3588 999 3653 describendo

19 3681 134 3761 locum,
143 3687 280 3759 tempus,
291 3675 495 3753 occasionem,
506 3675 586 3738 vices
594 3681 625 3738 et
636 3676 755 3757 singula
762 3676 915 3756 adiuncta,
929 3698 1000 3742 nac·
