2384 4138
454 173 548 220 oarur
568 166 601 218 ri.
976 162 1016 222 29

44 281 220 362 huiusmodi
229 292 387 366 peccatum
399 289 438 349 sit
449 289 550 350 virtuti
561 289 740 370 virginitatis
750 288 933 369 oppositum3
946 311 1016 354 narn

44 373 65 430 si
75 372 142 434 heac
155 374 234 435 ratio
244 374 404 449 sufficeret,
414 396 487 457 ergo
501 386 639 457 stuprum
651 384 831 456 patraretur,
845 396 906 439 non
919 381 1019 443 solum

43 476 110 520 oum
135 461 387 543 defloraturquae
409 465 500 527 babet
526 466 726 544 integritatem
742 464 936 544 virginalem,
966 469 1019 530 sed

44 547 133 607 etiam
150 549 276 628 quando
288 554 384 612 coitus
399 546 610 615 habetur‘cum
623 571 736 632 eaquae
751 553 882 615 sinesuo
896 566 1020 634 peccato

42 632 104 713 jam
120 635 280 712 deflorata,
305 640 437 718 possidet
459 659 496 702 eo
515 641 638 701 instanti
651 641 790 701 virtutem
805 641 983 721 virginitatis
1010 693 1018 717 ,

44 728 95 783 aut
111 723 242 785 babetur
257 745 328 787 cum
339 729 476 790 masculo
490 729 588 790 adhuc
601 728 730 808 virgine;
748 728 810 789 imo
826 720 951 807 pollutio
966 749 1020 792 ro-

46 808 177 872 luntaria
194 813 260 875 sine
274 816 384 895 copula
404 817 496 877 etiam
518 826 658 896 stuprum
681 816 809 877 dicenda
823 825 915 893 esset3
930 837 1021 898 porro

46 918 200 962 consensu
223 903 381 981 omnium,
406 905 491 966 abest
515 907 643 965 omnino
664 912 803 983 stuprum
826 905 856 964 in
877 906 1022 968 omnibus
1093 928 1107 951 ⁸

47 987 178 1065 praelatis
188 990 319 1065 casibus,
333 993 387 1052 etsi
398 993 580 1055 concubitus
590 999 620 1054 et
636 991 762 1071 pollutio
774 993 834 1053 sint
848 998 1023 1073 tuncoppo

46 1076 99 1136 sita
113 1078 215 1138 uirtuti
226 1079 415 1159 virginitatis
428 1088 458 1142 et
476 1083 514 1142 ita
530 1083 668 1161 opposita
679 1089 713 1140 ut
734 1098 787 1159 per
802 1098 837 1141 ea
852 1080 915 1141 haro
929 1082 1023 1144 virtus

15 1190 16 1193 ¹
47 1164 281 1243 irreparabiliter
294 1167 458 1230 amittatur.
472 1172 553 1248 Ergo
572 1169 648 1229 ratio
659 1170 722 1227 RR.
739 1170 801 1227 DD.
819 1168 946 1230 Bourier
962 1188 1023 1231 non

47 1252 243 1329 mfflmm.

87 1355 138 1412 64.
165 1351 243 1425 Quid
258 1370 330 1431 ergo
355 1353 386 1413 in
402 1355 486 1433 praxi
501 1355 538 1414 sit
554 1352 707 1433 agendum
729 1361 826 1414 stante
839 1353 890 1413 illo
902 1353 1023 1434 opinio-

51 1457 124 1499 num
137 1438 305 1501 conflictu?

89 1531 181 1606 llesp.
202 1528 255 1606 aigi
270 1547 356 1606 posse
367 1529 483 1590 ridetur
498 1532 528 1590 iu
542 1530 622 1609 praxi
639 1531 723 1608 quasi
739 1536 855 1590 certum
871 1536 949 1590 esset
971 1529 1025 1590 dc-

51 1615 201 1676 tlorationi
218 1616 342 1695 uirginis
355 1617 432 1677 ultro
443 1619 659 1678 consentientis
672 1619 752 1678 baud
768 1619 867 1678 inesse
882 1618 1025 1678 malitiam

49 1704 110 1764 vrri
125 1703 233 1782 stupri.
249 1707 323 1764 Nam
340 1706 467 1783 ipsemet
481 1707 610 1785 Sylvius,
623 1707 674 1785 qni
690 1706 866 1786 opinionem
878 1704 1028 1765 aliirman·

50 1803 111 1852 tem
127 1799 222 1867 tenet,
241 1795 283 1852 sic
300 1792 497 1854 nihilominus
514 1794 690 1854 concludit:
715 1795 817 1874 «Quia
845 1801 946 1853 lanian
968 1793 1027 1853 alia

55 1903 69 1937 rr
90 1880 240 1940 sententia
255 1898 315 1938 non
330 1891 409 1941 caret
432 1881 652 1960 probabilitate,
668 1881 781 1941 idcirco
797 1899 856 1940 non
872 1888 1026 1959 putamuS,

55 1991 81 2057 (ιΙ
90 1967 281 2028 damnandos
292 1987 344 2028 eos
354 1970 406 2048 qui
415 1991 431 2028 a
443 1970 542 2048 puella
557 1969 711 2048 quidpiam
726 1969 852 2030 istorum
864 1968 1028 2028 confitente

55 2079 75 2114 a.
93 2073 154 2115 non
171 2066 360 2136 quaeruntan
377 2059 414 2116 sit
428 2059 512 2135 virgo
527 2074 564 2116 an
577 2066 730 2136 corrupta.
741 2079 755 2113 u
772 2059 808 2116 Et
823 2073 859 2116 eo
872 2055 971 2115 verius
986 2056 1028 2116 sic

52 2152 98 2207 est
111 2143 266 2224 agendum
282 2144 380 2222 quod,
403 2145 493 2205 etiam
511 2146 596 2222 juxta
618 2144 720 2223 plures
744 2145 850 2223 primae
872 2144 1029 2205 sententiaa

52 2232 253 2305 adhaerentes,
276 2232 354 2292 inter
368 2251 445 2312 quos
460 2233 589 2293 Billuart
603 2243 632 2293 et
650 2234 712 2292 ΗΒ.
729 2235 791 2292 DD.
809 2232 950 2303 bouvier,
966 2231 1028 2292 oir-

52 2319 237 2383 cumstaulia
251 2319 427 2398 virginitatis
440 2322 536 2381 solam
558 2321 700 2380 malitiam
716 2320 864 2380 venialem
882 2319 1026 2398 superad-

52 2409 101 2470 dat
122 2409 302 2469 voluntariae
327 2409 534 2478 fornicationi3
562 2428 653 2488 porro
679 2408 781 2487 nequit
802 2425 868 2467 esse
888 2407 1030 2486 obligatio

53 2496 223 2577 explicandi
241 2496 269 2556 in
286 2496 475 2557 confossione
492 2498 638 2557 venialem
653 2496 931 2567 circumstantiam3
947 2514 1028 2573 prae-

54 2584 157 2647 sertim
172 2602 244 2645 curn
262 2593 341 2645 esset
356 2586 487 2645 maxime
509 2585 646 2645 odiosum
670 2586 822 2664 inquirere
843 2584 880 2643 ab
896 2582 1029 2644 honestis

56 2674 254 2751 puellisque
279 2692 311 2733 se
338 2683 479 2733 accusant
501 2675 538 2732 de
552 2673 801 2733 rlclectationibus
825 2680 853 2730 et
875 2672 1030 2732 desideriis

55 2763 85 2822 in
100 2759 255 2833 ordiucad
270 2761 538 2840 copularn,ansint
549 2766 594 2820 vet
609 2779 668 2821 uon
683 2762 824 2841 virgines,
838 2767 868 2820 et
880 2763 897 2820 ir
907 2761 1028 2838 jurene,

48 2868 92 2931 'an
108 2851 258 2929 virgi-nem
274 2850 462 2927 concupierit
477 2867 531 2908 nec
547 2867 585 2909 ne
602 2868 608 2907 :
626 2848 798 2928 hujusmodi
818 2847 1010 2927 interrogatio

57 2955 109 2998 nas
127 2939 226 2998 facero
241 2944 285 2996 est
301 2945 404 2997 contra
420 2955 616 2998 communem
632 2937 760 3017 praxim,
775 2936 885 2996 fatente
901 2935 1031 3014 ipsomet

59 3025 182 3102 Billuarl
197 3029 206 3061 ¹
225 3024 277 3103 qui
293 3025 374 3084 addit
392 3045 398 3084 :
420 3048 435 3082 r
447 3028 579 3104 ingenue
595 3025 687 3084 l'atror
702 3043 789 3084 me...
806 3023 837 3084 in
851 3022 899 3083 his
914 3023 1030 3102 puden·

48 3104 76 3169 'r
90 3113 173 3173 disat
185 3111 367 3192 importunis
382 3111 669 3191 interrogationibus
681 3110 921 3185 facit=ndis,dum
938 3111 1033 3172 menti

61 3224 75 3257 a
89 3207 296 3271 occurrerent,
306 3219 412 3279 graves
424 3200 574 3260 molestias
585 3218 705 3278 passum
719 3218 783 3259 esso
794 3199 1032 3273 etaliiscrenssc,

61 3310 76 3346 a
91 3289 228 3369 mihique
242 3306 309 3348 raro
328 3288 419 3349 fuisso
433 3286 625 3349 satisfactum.
644 3308 659 3343 u
677 3287 760 3347 idem
774 3287 881 3348 fatelur
894 3288 955 3348 RR.
968 3287 1031 3347 DD.

58 3377 200 3446 Bourier,
218 3377 285 3438 loco
298 3394 389 3455 supra
403 3376 503 3437 citato.

97 3469 148 3526 65.
184 3466 361 3544 Disputatur
383 3482 422 3524 an
448 3463 499 3545 qui
529 3464 559 3524 in
589 3483 657 3524 iaso
684 3471 866 3543 praepostero
888 3461 1035 3542 virginem

88 3678 112 3727 t.
131 3675 203 3734 titt..
214 3676 269 3728 dico
282 3676 315 3737 3⁰,
327 3676 397 3741 prob.
411 3677 446 3727 3⁰.
