2378 4102
300 144 489 191 orssuararro
510 146 543 189 u.
566 145 661 191 carm
681 144 728 188 111.
944 130 999 187 tro

34 284 49 320 a
67 281 157 323 causa
173 263 272 342 gravis
285 271 314 322 et
329 262 554 343 proportionata
576 261 757 342 requiritur;
772 267 889 322 constat
909 262 1000 322 etiam

34 372 48 409 a
68 370 105 412 ex
120 353 205 412 variis
219 351 469 432 responsionibus
484 354 515 412 S.
530 351 779 431 Poenitent.‚quae
794 367 915 431 senrpar
932 369 1000 430 gra·

21 454 135 499 ‘duem
158 459 281 501 causam
296 440 453 518 requirunt
470 448 504 501 ut
525 439 633 501 mulier
646 439 745 500 virum
764 439 934 500 onanistam
948 457 1003 518 pa·

21 548 49 585 ‚c
69 528 194 590 tiator...
211 531 315 590 Causae
330 536 430 590 antem
446 547 549 609 graves
563 528 625 590 lere
636 546 756 607 semper
766 527 957 601 habeamur.
971 549 1001 608 g.

33 638 49 673 r
68 617 159 678 timor
173 617 316 678 fundatus
328 619 458 697 graviter
471 618 535 678 viro
549 617 742 697 displicendi,
760 623 790 677 et
814 634 886 695 pace
901 616 933 676 in
945 618 1007 679 vita

21 726 49 777 ‚a
69 707 220 786 conjugali
236 705 433 779 car·endi‚etc.
450 710 589 767 Attamen
603 708 634 766 S.
651 707 788 785 Lignea,
803 717 838 766 n⁰
851 710 921 781 947,
933 706 1006 768 dicit

34 817 49 852 n
71 813 207 855 uxorem
223 795 409 875 probabilius
435 813 535 875 pesse,
554 795 616 854 imo
631 801 661 856 et
673 795 769 856 teneri
783 794 922 855 debitunt
934 795 1005 856 red-

34 906 49 941 a
69 884 142 944 dere
163 886 226 944 viro
241 884 399 959 onomata,
411 884 526 964 absque
547 883 629 964 gravi
643 900 753 945 causa:
773 883 848 943 ratio
871 890 927 957 est,
951 885 1004 959 ait,

34 996 50 1031 a
69 974 141 1053 quia
168 974 294 1033 maritus
309 972 360 1052 jus
379 972 468 1034 babet
493 972 531 1033 ad
546 972 701 1052 copulam,
716 979 746 1031 et
765 972 885 1046 mulier,
902 972 926 1032 si
943 991 1005 1034 nnn

35 1084 51 1119 a
71 1062 163 1140 possit
179 1079 250 1122 eum
263 1061 301 1122 ab
315 1080 351 1122 ea
370 1068 504 1122 avertere
519 1080 572 1140 per
595 1060 804 1134 monitionem,
823 1078 883 1121 rron
894 1079 1006 1140 conpe-

24 1160 51 1207 'n
72 1160 155 1212 ratur
184 1157 309 1230 peccato
331 1151 428 1211 mariti
455 1148 612 1210 reddendo
627 1148 783 1224 debitum3
806 1149 877 1229 quia
891 1166 1005 1230 coope-

37 1247 154 1301 aratur
181 1247 299 1301 tautum
322 1239 440 1317 copulae
461 1238 611 1317 indeptae,
628 1255 689 1298 non
716 1256 786 1298 vero
814 1238 927 1298 actioni
951 1239 1005 1300 viri

37 1350 51 1383 a
71 1327 206 1408 quando,
224 1327 398 1399 imperfecta
414 1326 536 1406 copula,
552 1345 584 1387 se
601 1325 733 1387 retrahit.
751 1326 810 1387 Sed
836 1327 1008 1389 recentibus

35 1437 52 1475 rr
73 1420 108 1479 S.
124 1416 280 1477 Paeniteat.
296 1416 447 1496 responsis
470 1433 553 1477 nunc
567 1415 709 1478 standum
724 1424 779 1476 est.
796 1438 810 1474 a
829 1449 866 1463 -
893 1419 930 1476 nt
943 1415 1007 1477 baec

34 1506 63 1566 S.
83 1506 314 1568 Poenitentiariae
338 1523 482 1584 responsa
495 1503 648 1565 declarant
663 1510 781 1566 tantum
802 1504 1006 1567 excusandam

34 1613 97 1655 rsse
114 1594 273 1654 mulierem
289 1611 358 1674 quae
372 1592 507 1654 debitum
526 1592 622 1653 reddit
635 1593 698 1654 viro
710 1593 855 1654 enanistae
866 1612 902 1654 ex
918 1613 1008 1656 causa

34 1681 205 1761 grari‚nibil
217 1681 451 1761 praenuntiando
462 1680 500 1740 de
515 1700 549 1741 ea
564 1699 633 1760 quae
648 1681 721 1742 illud
735 1682 833 1742 reddit
846 1685 911 1743 sine
923 1684 1006 1763 graui

35 1773 162 1838 ratione,
181 1776 247 1848 post
261 1769 460 1830 monitionem
482 1775 604 1845 tamen3
635 1771 716 1832 unde
735 1789 772 1830 cx
794 1772 930 1851 allegatis
943 1791 1006 1833 res-

34 1860 138 1938 ponsis
167 1858 238 1918 nihil
256 1858 372 1919 ridetur
388 1877 474 1938 posse
500 1858 634 1939 rigorose
648 1858 789 1920 concludi
813 1867 916 1921 contra
940 1879 1007 1921 sen·

33 1949 158 2009 tentiam
173 1947 203 2008 S.
221 1946 371 2024 Lignorii,
395 1965 463 2026 quae
477 1946 599 2006 aliunde
613 1948 698 2006 omni
718 1947 866 2009 soliditate
883 1950 1007 2011 rationis

35 2055 96 2097 non
113 2042 237 2116 apparet
262 2035 401 2096 destituta
416 2040 437 2096 ¹.
454 2035 546 2096 Nobis
564 2042 666 2097 tamen
689 2036 873 2116 probabilius
890 2037 1007 2100 ridetur

34 2125 130 2204 quod,
159 2126 212 2185 etsi
239 2123 369 2197 mulier,
390 2122 458 2204 post
479 2135 646 2203 congruam
674 2125 873 2186 monitionem
899 2127 1007 2187 marito

34 2212 156 2288 factam,
173 2214 268 2293 possit
289 2211 425 2273 debitum
442 2211 568 2274 reddere
595 2213 625 2273 in
655 2213 810 2293 supposito
830 2232 921 2290 casu,
938 2217 1009 2295 quia

35 2303 171 2383 alioquin
197 2302 297 2363 forsan
315 2301 366 2361 diu
383 2300 534 2362 abstinere
557 2321 589 2363 se
604 2302 738 2376 deberet,
752 2301 835 2381 quod
849 2303 906 2383 ipsi
921 2322 1010 2383 grave

36 2399 124 2464 esset,
142 2409 204 2451 non
218 2389 255 2450 ad
280 2389 310 2450 id
323 2395 459 2467 tenetur,
481 2390 551 2471 quia
567 2391 694 2452 maritus
705 2392 756 2468 jus
771 2409 833 2452 non
850 2391 940 2453 habet
953 2392 1027 2467 nisi

37 2480 71 2540 ad
85 2479 231 2560 copulam
247 2477 411 2558 legitimam
423 2500 430 2549 ;
444 2498 533 2559 porro
548 2498 584 2540 ex
597 2480 691 2560 ipsius
704 2485 789 2561 parte
803 2480 935 2561 legitima
947 2500 1010 2544 non

35 2575 78 2629 est
100 2567 213 2648 copula
238 2586 339 2648 quam*
355 2569 448 2646 petit,
464 2586 534 2630 cum
564 2568 647 2629 illam
663 2587 725 2630 uon
740 2570 840 2650 exigat
854 2570 911 2630 nisi
926 2576 961 2632 ut
976 2588 1012 2633 ea

35 2657 189 2719 abutatur.
219 2656 412 2737 Comparatio
425 2675 496 2718 vero
516 2675 552 2717 ex
575 2658 693 2718 caeteris
711 2658 820 2720 debitis
838 2658 1010 2741 desumpta,

34 2745 191 2825 adaequata
212 2763 275 2806 non
301 2750 362 2820 est;
391 2762 461 2805 uam
476 2744 588 2807 abusus
602 2746 632 2806 in
648 2746 706 2806 illis
728 2754 772 2807 est
796 2747 950 2828 sejunctus
973 2749 1011 2811 ab

34 2835 208 2910 exactione,
231 2834 304 2895 dum
330 2833 359 2893 in
388 2851 459 2895 casu
485 2835 624 2913 praesenti
653 2835 745 2896 simul
765 2835 798 2896 fit
824 2856 894 2898 cunr
919 2856 1011 2899 exac-

35 2922 130 2984 tione.

75 3015 152 3146 3¹·3J,
171 3011 293 3105 Quaerit.
311 3015 341 3071 t⁰
354 3016 401 3070 An
416 3030 492 3075 uxor
504 3011 640 3073 debitum
655 3012 747 3074 avire
759 3013 896 3075 enanista
911 3021 1012 3094 petere

37 3119 107 3246 βοΐ
109 3107 209 3270 1ἑὶιεερ.
227 3188 409 3249 Affirmatire
418 3162 616 3268 probabilius,
632 3190 712 3269 gravi
726 3189 880 3267 decuma,
894 3211 923 3252 r.
940 3211 969 3269 g.
987 3192 1012 3251 si

40 3279 214 3361 «periculo
240 3281 323 3357 gravi
351 3278 577 3339 incontinentiae
612 3282 674 3359 ipsa
706 3285 874 3358 exponatur
900 3301 907 3339 ι
941 3280 1013 3360 quia

40 3392 53 3426 a
73 3371 124 3448 ius
138 3367 227 3429 habet
241 3366 278 3428 ad
301 3367 455 3447 copulam,
471 3373 500 3427 ct
526 3368 641 3427 ratione
656 3367 825 3427 sulliciente
847 3388 862 3428 a
890 3377 1014 3448 peccato

40 3482 53 3515 a
74 3456 299 3538 cooperationis
317 3461 487 3515 excusatur.
514 3456 556 3516 lta
581 3457 611 3515 S.
631 3455 694 3534 Lig.
711 3467 744 3514 n⁰
759 3456 829 3515 947.
856 3458 906 3516 Sic
924 3457 1014 3516 etiam

69 3655 95 3705 1.
115 3652 169 3703 Lib.
188 3651 211 3710 t,
225 3651 269 3700 dli
