2378 4102
1038 11 1158 89 Ἶ

190 171 253 231 zet
504 180 599 227 ranan
621 167 854 234 annnanbrioun.

195 300 357 368 ostendunt,
376 285 443 354 472.
464 297 574 368 Regulae
594 298 669 353 circa
686 297 885 352 absolutionem
909 297 1102 352 recidivorum
1124 311 1178 351 non

193 387 258 436 sunt
270 378 441 452 applicandae
454 377 594 432 initiandis
607 376 641 431 ad
652 392 745 432 sacros
759 376 878 445 ordines,
891 378 952 430 473.

228 485 338 555 44644666,
348 485 446 553 danse,
459 486 520 538 222.

228 592 356 649 Remedio.
370 592 411 647 hd
421 590 556 647 sanandos
566 597 677 662 peccato
692 589 850 661 pollutionis
865 595 1002 669 assuetos,
1021 590 1082 643 l7l.

230 701 279 756 lice
294 716 406 754 venereo.
426 699 455 753 v.
477 696 587 752 Venereo
601 704 629 752 64
643 694 776 750 luxorio.
798 707 801 711 ·

229 811 390 883 liupotioocr.
418 814 460 865 An
478 808 574 864 diebus
591 808 769 885 rogationum
795 808 830 862 644
853 808 969 862 vetitum
997 806 1174 863 matrimonio

195 891 245 959 uti,
262 892 323 947 284.

230 996 351 1053 Romans.
370 998 401 1053 V.
416 995 500 1051 Liber.

230 1105 369 1161 Roueeelot.
391 1104 496 1160 iudicat
524 1104 635 1159 modum
658 1117 712 1175 quo
738 1101 901 1171 interrogari
926 1101 1038 1173 possint
1057 1103 1170 1173 juvenes

195 1185 269 1241 circa
283 1184 471 1257 pollutionem,
487 1185 547 1239 468.

605 1398 608 1403 ’
668 1397 695 1452 S

231 1546 371 1604 Sabbatum
384 1529 511 1604 66664666.
525 1549 557 1604 V.
573 1546 688 1604 Exultat.

230 1656 418 1727 Sacrilepium.
439 1654 511 1724 Quid
529 1661 556 1710 et
568 1655 719 1727 quotuplex
728 1655 764 1709 sit
778 1655 806 1709 in
827 1645 943 1712 materia
958 1657 1087 1726 luxuriae,
1110 1657 1165 1711 ll5.

195 1735 236 1789 De
253 1734 397 1805 sacrilegio
409 1735 481 1790 circa
502 1748 656 1806 personam.
669 1740 712 1788 An
726 1733 781 1788 duo
795 1736 952 1791 committat
964 1737 1111 1807 sacrilegia
1128 1749 1168 1791 sa·

195 1813 293 1870 cordos
303 1813 448 1885 religiosus
458 1820 554 1868 contra
564 1813 717 1868 castitatem
728 1829 857 1885 peccans,
870 1817 929 1871 446.
946 1818 988 1870 An
1003 1815 1167 1885 sacrilegium

197 1893 472 1965 committatpersona
482 1894 539 1948 Deo
549 1901 652 1948 sacrata
664 1909 727 1964 quae
737 1894 853 1948 alterum
866 1895 973 1950 inducit
983 1896 1020 1950 ad
1033 1902 1164 1968 peccatum

195 1988 353 2041 venereum,
370 1974 431 2027 447.
445 1975 485 2028 De
498 1972 641 2043 sacrilegio
656 1972 730 2028 circa
743 1973 851 2043 locum;
867 1974 931 2046 quid
946 1974 1117 2047 intelligatur
1124 1988 1165 2046 per
1179 1974 1180 2023 l

195 2052 285 2108 locum
305 2067 424 2120 sacrum,
441 2054 503 2107 ll8.
523 2053 612 2107 Locus
626 2068 703 2107 sacer
715 2052 846 2124 polluitur
865 2070 913 2124 per
931 2053 1179 2117 voluntariamse¹

195 2132 278 2187 minis
297 2132 408 2186 humani
422 2132 539 2203 prolifici
560 2132 730 2200 effusionem,
747 2134 808 2186 449.
828 2133 871 2186 An
890 2130 982 2188 taetus
1001 2130 1179 2206 impudiciiot

195 2213 256 2268 loco
277 2228 356 2267 sacro
377 2212 433 2266 sint
455 2211 596 2291 sacrilegia
617 2212 743 2283 quamvis
766 2211 856 2266 locum
881 2227 933 2266 non
955 2212 1091 2283 polluant,
1110 2210 1160 2265 444.

195 2290 267 2359 Quid
285 2290 319 2345 de
340 2289 442 2357 verbio,
458 2289 569 2357 osculis,
590 2289 748 2362 aspectibus
766 2296 793 2345 et
812 2289 1028 2359 cogitationibus
1049 2289 1178 2363 impurisl

163 2401 169 2412 ·
194 2371 256 2424 424.
273 2367 452 2440 sacrilegium
474 2368 592 2440 speciale
611 2368 760 2423 committit
780 2368 907 2424 sacerdos
924 2370 1067 2441 peccando
1080 2374 1162 2426 contra

194 2449 347 2504 castitatem
367 2447 432 2502 dum
455 2456 497 2504 est
518 2448 604 2502 sacris
625 2447 749 2503 nostibus
768 2447 891 2516 indutus,
909 2450 971 2504 422.
993 2448 1177 2521 866616ςὶ664

195 2529 345 2584 committit
356 2528 404 2599 664
418 2543 448 2583 66
463 2526 559 2599 polluit
578 2527 669 2582 statim
684 2534 747 2598 post
758 2528 989 2597 communionem,
1005 2531 1068 2586 422.
1084 2524 1159 2584 hasil

194 2608 312 2678 speciale
324 2608 496 2677 sacrilegium
509 2613 651 2679 peccatum
663 2608 772 2662 carnale
784 2606 882 2662 diebus
897 2607 975 2663 lestis
985 2610 1158 2670 commissum,
1175 2628 1176 2673 6

196 2689 257 2741 423.

231 2756 494 2838 Soluto-Simonicns.
507 2782 544 2837 446
559 2788 724 2854 permetient
739 2781 765 2836 la
779 2781 954 2853 fornication,
969 2786 1013 2840 27.
1174 2798 1175 2837 l

231 2877 397 2935 saltationes.
413 2881 473 2935 Non
489 2887 553 2933 sunt
569 2895 619 2951 per
638 2894 667 2934 se
686 2878 766 2934 malm
780 2879 906 2951 quamvis
920 2881 1094 2952 periculosae,
1109 2877 1155 2937 ili·

195 2959 290 3030 Excipi
312 2958 413 3014 debent
433 2959 591 3021 saltationes
613 2973 676 3029 666
695 2957 776 3013 modo
798 2957 944 3014 inhonesto
958 2967 988 3015 64
1006 2958 1146 3018 6644464446

193 3038 346 3094 inhonestis
366 3038 444 3101 fiunt.
470 3040 532 3094 222.
557 3038 733 3094 Enumeratio
756 3037 931 3093 saltationum
955 3039 1154 3101 inhonestarum.

196 3121 258 3177 222.
271 3118 360 3173 Etiam
370 3118 397 3172 iu
410 3118 487 3189 pagis
500 3124 666 3189 usurpantur
679 3117 831 3173 inhonestae
841 3118 1010 3184 saltationes,
1028 3123 1089 3178 223.
1105 3118 1146 3174 Gra

195 3199 266 3255 viter
281 3205 345 3253 sunt
361 3197 472 3263 illicitae,
488 3199 549 3252 223.
565 3195 732 3255 Absolvendi
747 3212 801 3251 non
816 3204 880 3253 sunt
894 3198 941 3269 664
954 3198 1058 3254 446666
1073 3210 1144 3255 renuo

196 3279 275 3343 tiam,
303 3278 364 3334 224.
388 3276 458 3345 Quid
481 3274 653 3332 sentiendum
680 3275 717 3330 sit
739 3275 775 3331 de
795 3275 830 3332 iis
853 3276 900 3348 664
921 3276 1030 3333 choreis
1053 3272 1155 3334 66666444

195 3355 347 3425 indulgent,
363 3359 424 3411 225.
441 3357 501 3411 Ν66
514 3361 578 3408 6664
597 3353 755 3410 absolvendi
771 3355 819 3426 664
833 3354 940 3410 choreis
954 3357 1038 3411 etiam
1053 3352 1143 3412 bonesti

196 3448 250 3486 666
271 3435 428 3489 6666644664
444 3434 553 3504 quando
570 3435 597 3487 46
616 3433 657 3486 646
678 3433 851 3489 occasionem
871 3436 1023 3506 proximam
1044 3424 1154 3509 peccandi

197 3508 351 3574 inveniunt,
377 3513 417 3565 vel
443 3528 525 3581 grave
548 3527 597 3582 per
620 3511 668 3564 bas
689 3511 846 3567 scandalum
866 3513 1000 3585 praebent,
1024 3519 1084 3572 226.
1100 3500 1153 3584 Quid

196 3583 340 3640 dicendum
352 3587 386 3640 de
395 3589 550 3643 fidicinibus
562 3598 589 3644 et
603 3589 636 3643 de
648 3591 818 3659 cauponibus
827 3592 873 3664 664
889 3591 1005 3648 choreas
1016 3594 1154 3652 inhonestat

198 3659 340 3729 inducunt,
364 3668 425 3718 227,
450 3669 492 3720 An
514 3667 601 3737 possit
621 3665 727 3720 absolvi
751 3677 839 3725 mater
860 3671 1006 3744 exigensa
1030 3674 1084 3731 filia
1097 3662 1151 3748 6664
