2384 4138
430 207 521 253 curor
541 209 575 252 n.
954 196 992 254 35

18 319 177 380 sententia.
202 319 304 380 Prima
324 314 432 399 nepum
456 319 671 399 obligationem
690 318 901 399 promissionis
928 338 992 382 ma·

17 407 163 482 aimonii,
179 425 215 467 eo
230 407 312 487 quod
326 408 364 468 sit
382 407 465 469 nulla
481 425 552 468 cum
568 408 605 467 sit
626 407 663 469 de
678 426 710 468 re
724 407 838 480 illicita,
853 407 935 469 unde
948 409 993 470 vir

16 501 137 556 tenetur
150 502 266 556 tantum
280 495 318 555 ad
331 496 477 556 damnum
492 496 730 572 resarciendum,
743 494 876 556 dotando
893 496 939 557 vel
955 497 993 558 de

17 584 160 664 congruis
182 584 296 663 nuptiis
311 585 506 664 providendo.
523 583 661 645 Secunda
676 586 841 664 affirmans,
857 602 925 663 quae
950 585 994 646 sic

17 671 166 732 stabilitur
183 695 189 730 ε
205 673 251 732 vel
268 672 338 732 ficta
353 671 409 733 suit
423 672 595 753 promissio,
610 673 681 732 etin
694 672 752 732 boo
766 689 934 745 casu‚cum
948 673 994 733 vir

17 759 180 838 deceperit,
198 765 316 820 tenetur
343 760 518 820 indemnem
541 760 667 821 reddere
692 760 861 839 deceptam,
887 760 993 820 matri-

18 850 156 909 monium
177 841 247 908 com
263 868 300 908 ex
315 848 541 922 contrahendo;
556 848 602 909 vel
616 848 775 928 promissio
786 846 844 907 fuit
854 866 934 924 vera,
950 854 991 923 et,

17 935 125 1013 copula
150 943 289 1015 peracta,
317 942 435 997 tenetur
463 936 546 996 illam
569 935 696 1015 implere
724 935 901 1014 promittens
930 953 993 995 non

17 1023 154 1084 obstante
171 1032 267 1098 voto,
293 1023 365 1103 quia
388 1023 487 1084 debita
511 1041 641 1083 onerosa
668 1040 789 1102 semper
818 1029 993 1083 suntante-

17 1111 158 1189 ponenda
186 1112 342 1191 gratuitis,
383 1112 485 1191 qualia
522 1117 594 1173 sunt
620 1116 697 1172 vota.
734 1110 823 1172 Unde
857 1112 881 1171 si
925 1114 995 1192 quis

17 1200 143 1267 vovisset
176 1199 319 1261 Ecclesiae
350 1199 429 1260 bona
458 1218 528 1273 sua,
553 1205 581 1260 et
602 1206 704 1278 postea
736 1197 883 1258 damnum
905 1198 993 1264 alicui

18 1287 151 1364 inferret,
174 1295 329 1348 teneretur
356 1288 439 1367 prius
467 1287 611 1348 resarcire
638 1286 806 1358 damnum.
835 1294 865 1346 et
892 1294 994 1366 postea

17 1382 119 1437 votum
146 1376 284 1455 implere.
303 1411 339 1419 -
364 1378 468 1455 Neque
496 1375 599 1449 dicas,
629 1376 659 1434 in
688 1393 776 1448 casu,
804 1375 903 1436 virum
931 1395 993 1438 non

18 1465 151 1542 potuisse
177 1464 351 1542 promittere
370 1463 620 1535 inatrimonium3
649 1462 747 1542 potuit
767 1462 849 1522 enim
874 1480 994 1541 sperare

18 1552 261 1631 impetrationem
302 1550 546 1631 dispensationis.
575 1552 646 1611 Haec
676 1549 809 1610 secunda
849 1552 994 1612 sententia

18 1648 99 1699 certo
118 1646 149 1701 et
164 1639 253 1718 longe
271 1638 457 1718 probabilior
470 1645 594 1699 vocatur
607 1640 623 1698 a
637 1640 667 1698 S.
685 1637 825 1715 Lignorio
836 1640 856 1698 ¹.
872 1639 906 1698 ln
921 1657 996 1717 prae-

7 1725 74 1787 ‘lata
102 1727 302 1807 responsione
331 1727 511 1806 supponitur
533 1726 665 1805 puellam
684 1728 839 1804 ignorasse
854 1732 955 1787 votum
978 1729 996 1788 a

19 1815 79 1876 viro
93 1817 257 1888 emissum3
277 1815 301 1874 si
323 1832 410 1875 secus
428 1819 517 1888 esset,
533 1814 764 1875 controvertitur
778 1831 815 1872 an
831 1822 908 1875 esset
922 1821 995 1875 tunc

19 1904 161 1984 obligatio
182 1904 265 1963 illam
288 1902 431 1963 ducendi.
458 1904 493 1962 ln
510 1903 638 1982 gratiam
660 1902 898 1962 verosententiae
912 1902 992 1963 affir-

20 1994 131 2052 mantis
151 1992 211 2052 dici
230 1997 331 2071 posset
344 1990 425 2070 quod
441 1990 542 2070 puella
557 1993 654 2069 potuit
671 1989 794 2051 credere
808 1990 906 2051 virum
928 2009 995 2053 esse

21 2081 243 2157 postulaturum
256 2079 513 2158 dispensationem
527 2083 550 2139 ².

57 2174 107 2230 77.
132 2169 255 2240 Quaerit.
271 2171 302 2253 35
318 2166 362 2227 Ad
376 2166 449 2246 quid
466 2173 600 2227 teneatur
614 2167 639 2226 is
653 2168 704 2246 qui
721 2170 778 2230 sub
793 2168 994 2249 promissione

21 2258 205 2318 matrimonii
220 2255 479 2335 consanguineam
493 2262 544 2315 ant
558 2254 679 2315 allinem
695 2257 840 2318 violavit?

56 2348 148 2426 Resp.
166 2343 419 2424 Distinguendum
440 2349 484 2404 est
502 2363 508 2402 :
523 2343 568 2404 vel
591 2345 817 2406 matrimonium
835 2345 1012 2425 spopondit

21 2434 75 2494 sub
84 2451 227 2514 expressa
242 2431 416 2494 conditione
430 2431 610 2511 impetrandi
623 2431 938 2512 dispensationem‚vel
948 2433 997 2494 ab·

21 2521 115 2584 solute
129 2528 159 2583 et
174 2523 239 2581 sine
250 2519 423 2581 conditione
439 2519 586 2599 promisit.
603 2522 637 2579 ln
653 2520 752 2599 primo
764 2521 878 2599 casu,si
888 2520 946 2582 tale
960 2522 998 2583 sit

22 2609 275 2690 impedimentum
300 2614 333 2667 ut
360 2609 390 2667 in
407 2624 444 2668 eo
465 2610 495 2668 S.
519 2607 655 2668 Pontifex
683 2627 841 2689 nunquam
861 2609 906 2670 vel
929 2628 997 2671 raro

22 2698 175 2779 dispenset
189 2698 264 2759 utin
281 2700 312 2756 t⁰
330 2700 360 2756 et
373 2700 406 2756 2⁰
418 2696 514 2775 gradu
534 2701 701 2756 transverso
715 2697 996 2777 consanguinitatis

23 2787 183 2866 promissio
204 2784 372 2864 reputanda
393 2790 439 2845 est
453 2783 586 2844 invalida
594 2805 603 2857 3
620 2784 644 2844 si
671 2791 794 2846 econtra
813 2786 871 2845 tale
885 2786 923 2847 sit
936 2787 997 2847 irn-

25 2876 233 2953 pedimentum
261 2878 295 2933 ut
308 2872 339 2932 in
363 2889 400 2932 eo
421 2871 501 2951 Papa
523 2871 617 2931 soleat
631 2870 815 2951 dispensare,
829 2872 878 2933 alii
893 2873 1000 2935 dicunt

24 2962 184 3024 invalidam
207 2961 316 3038 pariter
329 2977 395 3020 esse
409 2959 641 3039 promissionem
655 2960 857 3041 matrimoniil‚
871 2962 941 3040 quia
954 2971 1000 3024 est

27 3049 184 3127 promissio
199 3047 237 3107 de
261 3065 294 3107 re
309 3046 488 3127 impossibili
505 3065 512 3107 :
528 3047 580 3124 qui
596 3047 677 3106 enim
694 3047 842 3109 inhabiles
864 3055 936 3109 sunt
961 3052 997 3112 ad

25 3137 278 3210 contrahendum,
294 3135 444 3196 inhabiles
469 3134 560 3195 etiam
586 3143 656 3195 sunt
683 3136 719 3195 ad
749 3137 1021 3214 promittendum.»

27 3227 80 3287 Sed
93 3225 291 3289 commnnIus
305 3230 335 3290 et
348 3223 457 3292 verius,
466 3223 549 3300 Juxta
563 3225 593 3283 S.
610 3223 787 3302 Lignorium
802 3227 825 3299 ³,
834 3224 882 3285 alii
898 3231 1002 3287 tenent

27 3315 256 3392 promissionem
274 3319 348 3372 tunc
368 3310 514 3389 obligare,
530 3310 601 3391 quia
616 3310 775 3390 promissio
793 3331 864 3374 cum
880 3312 1000 3393 praefata

55 3543 77 3590 1.
95 3542 166 3601 laid,
181 3552 211 3588 n⁰
223 3539 278 3589 ota.

55 3613 79 3662 2.
96 3611 217 3670 Curribus,
230 3611 266 3661 De
277 3610 369 3669 lualid,
383 3618 412 3656 n⁰
424 3605 493 3656 laea.

58 3683 81 3732 3.
99 3683 154 3733 Lib.
168 3683 192 3742 3,
207 3691 234 3731 n⁰
248 3681 303 3743 ula,
316 3696 341 3745 q.
351 3679 375 3727 l.
