2362 4094
165 199 224 263 120
487 215 524 261 nx
545 214 637 260 nasus
657 213 812 260 vaunnars.

162 323 299 391 continuo
308 323 505 403 incendendi,
516 325 657 387 extinctio
663 324 786 404 spiritua
797 326 948 387 unctionis
959 345 997 387 ec
1002 325 1135 407 feruoris,
1146 404 1150 409 .

162 417 219 473 ete.

203 512 272 571 217.
295 511 417 573 Certum
432 517 477 574 est
486 517 705 592 componentes
718 528 754 573 ac
767 512 857 573 etiarn
866 510 1037 575 vendentes
1048 511 1137 573 libros

162 605 213 658 aut
224 598 388 661 comoedias
402 600 573 662 notabiliter
588 606 701 680 turpes,
715 599 815 662 autad
831 600 1009 662 inhonestos
1022 616 1137 662 aratores

163 685 290 761 graviter
302 687 477 761 excitantes,
493 688 577 750 nullo
595 687 686 749 modo
702 705 789 768 posse
802 687 940 749 excusari
954 688 1065 768 agravi
1076 704 1138 767 pec-

163 781 241 850 cato,
266 774 306 836 ob
320 775 450 838 alierum
468 776 657 853 scandalum,
672 775 811 856 quamvis
823 793 884 837 non
898 775 1070 851 intentum;
1086 791 1137 837 nec

163 862 297 938 lucrum,
313 864 453 946 quamvis
473 882 634 945 magnum,
650 881 795 926 excusare
808 863 894 937 valet,
918 863 1006 942 juxta
1028 865 1061 926 S.
1090 860 1137 922 Li·

164 967 250 1027 guor.
267 953 569 1034 ¹.-—Gomp0nentes
592 953 663 1014 rerd
689 957 741 1013 aut
766 951 930 1013 rendentes
956 950 1053 1013 libros
1082 966 1137 1012 nort
1165 951 1166 956 ’

164 1037 292 1116 graviter
305 1039 465 1102 obscrenos
482 1046 611 1122 peccant
627 1037 765 1121 quidem,
779 1037 869 1099 etiam
884 1036 1050 1112 lethaliter,
1066 1035 1137 1099 eiad

164 1126 353 1189 excitandam
364 1127 521 1190 libidinem
533 1128 561 1188 id
578 1126 703 1203 laciant3
718 1127 743 1187 si
755 1143 826 1188 vero
837 1132 955 1188 tantum
966 1123 1005 1187 ad
1021 1126 1135 1188 lucrum

164 1216 414 1296 comparandum,
430 1223 482 1280 aut
503 1216 639 1279 abaliud
660 1216 808 1278 motivum
834 1232 897 1276 non
921 1215 1053 1294 gravitaa
1073 1230 1136 1295 pra·

164 1321 247 1376 xuni,
275 1312 433 1384 peecatum
458 1305 516 1366 erit
541 1303 734 1367 solummodo
760 1302 897 1379 veniale,
925 1320 999 1364 eum
1027 1303 1137 1384 absque

165 1391 248 1469 gravi
274 1399 396 1472 peceato
420 1392 480 1473 legi
506 1401 620 1474 queant
633 1390 807 1472 hujusmodi
823 1389 908 1467 libri3
935 1408 1024 1452 secus
1052 1387 1137 1452 sentit
1165 1448 1167 1463 ,

165 1487 266 1541 tanren
289 1481 350 1539 ΗΒ.
367 1483 429 1542 DD.
448 1481 600 1543 Bourier²
618 1481 656 1542 de
669 1480 934 1561 componentibus,
962 1478 1103 1561 quamvis
1122 1494 1136 1537 a

167 1567 297 1645 praelatis
312 1586 372 1627 non
388 1567 546 1632 dissentiat
557 1569 659 1650 quoad
674 1567 940 1649 ipsosvendentes.

206 1653 314 1715 Clerici
327 1658 485 1717 autemvel
502 1656 707 1736 personaepiae
723 1673 786 1717 non
805 1656 944 1718 videntur
960 1672 1050 1735 posse
1062 1672 1137 1717 com·

168 1760 280 1820 ponere
294 1744 408 1823 absque
422 1746 504 1824 gravi
519 1744 663 1806 seandalo
677 1742 850 1823 hujusmodi
861 1741 955 1806 libros
966 1743 1012 1805 rel
1027 1758 1136 1806 comta·

166 1831 243 1903 «tias,
260 1831 330 1892 licet
345 1834 459 1912 possint
476 1833 533 1912 legi
547 1832 754 1912 absquegrati
767 1839 899 1913 peccate.

207 1931 277 1989 ata
301 1933 335 1989 4⁰
347 1930 544 2011 Spectacula
537 1948 570 1990 m
593 1946 625 1991 se
647 1948 710 1990 non
726 1935 797 1991 sunt
811 1930 914 1991 mala.
940 1929 1014 1996 talia
1028 1907 1136 1993 solum-

169 2016 259 2077 modo
286 2017 459 2080 ellieiuntur
490 2018 530 2079 ob
560 2035 608 2079 res
634 2025 737 2098 turpes
771 2023 801 2079 et
829 2035 935 2099 pravas
964 2037 1034 2100 quae
1070 2016 1137 2080 inibi

169 2114 439 2186 repraesentantnr3
452 2108 474 2167 si
487 2114 740 2187 representantur
753 2123 802 2169 res
815 2107 945 2187 graviter
959 2114 1078 2189 turpes,
1092 2110 1137 2168 aul

116 2258 123 2269 ,
168 2196 197 2254 in
210 2195 245 2255 iis
259 2204 423 2276 appareant
437 2213 574 2274 personae
588 2193 697 2256 diversi
709 2212 798 2257 sexus
812 2194 984 2257 notabiliter
1003 2196 1138 2258 indecen-

167 2292 221 2357 tes,
235 2284 362 2363 graviter
371 2282 452 2344 baud
466 2283 557 2345 dubie
568 2281 671 2343 illicita
683 2290 754 2345 suut
767 2283 930 2356 actoribus,
946 2283 1002 2364 qui
1017 2283 1137 2364 proinde

170 2389 229 2434 non
256 2377 326 2434 sunt
342 2371 528 2445 absolvendi,
543 2371 599 2431 nisi
617 2369 794 2450 professioni
811 2390 873 2432 suae
887 2374 1076 2450 renuntient,
1096 2370 1136 2434 xel

168 2462 272 2522 saltem
292 2461 470 2542 promittant
493 2476 554 2520 non
574 2459 637 2520 lore
652 2458 782 2540 arnplins
800 2460 900 2539 turpia
912 2469 1137 2541 repraesentatu-
1168 2514 1169 2539 ,

170 2567 228 2613 ros.
245 2549 349 2621 Quoad
375 2555 476 2611 autern
492 2548 715 2621 interessentes,
740 2554 821 2609 certe
842 2550 953 2629 pariter
978 2550 1137 2611 mortaliter
1168 2542 1169 2567 ¹

171 2645 331 2717 prensarent
345 2639 369 2699 si
384 2639 419 2698 iis
429 2636 571 2699 adessent
582 2636 621 2696 olr
636 2635 867 2697 delectationem
878 2656 916 2699 ex
927 2637 1137 2736 ipsisturpibus

169 2734 399 2806 «resurgentem,
417 2725 461 2787 vel
486 2725 509 2786 si
526 2724 667 2806 pecuina
690 2727 811 2804 plausu,
838 2732 890 2787 aut
912 2726 971 2787 alio
997 2725 1115 2788 modo
1108 2724 1136 2784 ris
1167 2724 1169 2777 l

169 2812 708 2915 cooperarentur3vels1absquesua
723 2813 951 2894 praesentianon
966 2813 1092 2891 fierent;
1100 2800 1169 2874 vel

169 2904 193 2963 si
210 2920 272 2965 non
282 2903 454 2965 assisterent
466 2919 531 2964 sme
541 2919 622 2979 gram
640 2900 788 2962 laicorum
803 2901 957 2976 scandalo,
975 2901 1047 2983 quia
1060 2922 1090 2963 v.
1111 2919 1135 2978 g.
1167 2916 1169 2977 t

170 3000 240 3054 sunt
253 2991 367 3069 clerici,
382 2990 430 3053 vel
448 2990 614 3071 regulares,
630 2989 675 3050 rel
705 3006 842 3069 personae
870 3008 989 3071 magnae
1015 2989 1136 3072 pietatis.
1168 3022 1169 3027 κ

165 3090 221 3143 aut
233 3082 299 3143 sine
313 3081 435 3161 proprio
457 3079 592 3160 periculo
608 3098 615 3138 ε
631 3077 713 3140 unde
727 3077 759 3139 S.
773 3079 895 3158 Lignor.
913 3079 924 3114 ⁸
946 3078 1031 3141 nullo
1055 3077 1138 3140 modo
1168 3110 1169 3165 p

170 3177 329 3235 excusaret
359 3167 582 3231 adolescentem
609 3166 662 3247 qui
694 3166 810 3247 absque
837 3169 1015 3230 necessitate
1040 3168 1136 3239 vellet,

171 3258 350 3320 curiositatis
374 3275 476 3330 eausa,
497 3254 671 3335 huiusmodi
700 3254 880 3335 spectaculis
902 3256 1064 3333 interesse,
1089 3252 1138 3319 nisi
1168 3318 1169 3337 χ

170 3347 240 3427 quis
256 3355 334 3407 esset
343 3344 430 3408 valde
444 3345 604 3407 timoratus
617 3351 647 3404 ct
659 3342 785 3424 insuper
797 3344 910 3423 pluries
920 3342 1026 3408 luisset
1035 3360 1136 3428 exper-

1167 3500 1169 3567 l

200 3558 223 3606 r.
242 3547 304 3606 crta¹
316 3556 409 3607 notra.

199 3625 223 3673 a.
239 3627 297 3676 nra
313 3643 336 3691 ρ.
350 3627 404 3678 roa.

199 3694 222 3742 a.
242 3694 295 3745 uu.
310 3699 333 3756 a,
350 3705 377 3746 no
393 3696 449 3745 nr.

461 3910 471 3939 Ι
