2384 4138
442 214 536 260 carur
557 216 589 259 u.
966 202 1005 260 55

36 327 139 403 perrari
148 328 384 408 concupiscitur.
402 330 576 390 Deoautem
592 335 707 390 sacrata
722 328 859 390 habenda
873 335 918 390 est
927 336 1007 392 certe

35 429 157 491 wenna
172 434 242 495 quae
263 422 366 477 uotum
390 417 525 478 solemne
546 417 700 497 religionis
713 416 823 486 emisit,
835 423 887 480 aut
906 434 1009 480 sacros

36 501 153 564 ordines
167 507 310 584 suscepit.
324 506 559 566 controvertitur
567 524 638 568 vero
652 523 690 566 an
706 505 786 567 idem
798 506 834 567 sit
845 506 1008 569 dicendum

36 587 72 649 de
98 609 226 670 persona
249 612 317 673 quae
331 593 413 654 vovit
435 598 551 655 tantum
571 594 700 674 simplex
714 602 818 657 votum
839 595 1007 656 castitatis:

37 677 66 738 S.
83 679 202 760 liguor.
227 682 413 762 probabilius
440 681 530 743 habet
554 683 636 762 quod
662 683 783 744 violatio
809 682 877 744 talis
892 683 950 744 voti
973 684 1011 745 sit

38 767 223 849 saerilegium
245 774 266 830 ¹.
292 770 379 834 Unde
403 771 629 831 circumstantia
655 768 853 833 solemnitatis
879 771 939 832 coti
964 776 1011 833 est

38 854 448 939 solummodo'aggrarans,et
458 858 612 940 probabile
624 860 730 920 saltem
745 863 791 920 est
803 859 885 939 quod
899 878 960 920 non
972 860 1011 921 sit

38 941 66 1003 in
88 945 277 1007 confessione
291 945 472 1008 declaranda
483 937 509 1004 ³.

77 1036 119 1113 eln
144 1028 247 1096 autem
262 1036 412 1112 sacerdos,
428 1036 481 1116 qui
497 1035 637 1097 sitellam
654 1036 822 1116 religiosus,
833 1034 914 1109 duo,
936 1054 1009 1117 pec·
1096 1054 1098 1058 ·

38 1121 131 1181 cando
145 1130 250 1185 contra
272 1125 453 1198 restituione,
466 1124 635 1186 committat
650 1124 818 1207 sacrilegia,
834 1143 929 1186 unum
944 1126 1011 1186 rio-

40 1206 125 1270 lando
139 1219 241 1273 votum
257 1214 350 1274 sacris
372 1213 530 1274 ordinibus
546 1231 717 1286 ananum,
736 1220 767 1275 et
785 1213 911 1274 alterum
927 1213 1011 1275 sran-

39 1298 137 1374 gendo
147 1307 253 1362 votum
277 1302 424 1382 religiosa
449 1301 661 1383 professionis,
678 1303 786 1364 iterum
809 1301 867 1363 horr
887 1307 1012 1364 contro-

39 1386 160 1450 vertitur
173 1408 181 1448 :
198 1389 318 1452 Lessius
330 1390 444 1452 affimat
458 1408 530 1452 cum
543 1390 608 1452 aliis
618 1390 800 1472 quibusdam
813 1411 821 1466 ;
837 1391 889 1452 sed
901 1390 1012 1464 verius,

40 1472 134 1555 inquit
152 1480 188 1541 S.
213 1481 361 1560 Lignea,
394 1486 507 1560 negant
531 1478 687 1556 Sanchez,
714 1479 889 1540 Salmantic.
911 1486 940 1540 et
964 1475 1014 1538 alii

38 1563 149 1642 mures,
165 1568 236 1646 quin
247 1574 432 1649 praeceptum
445 1567 581 1630 servandi
597 1576 699 1628 votum
715 1567 890 1648 religiosum
906 1565 1013 1628 eodem

41 1654 146 1716 motivo
159 1657 276 1718 virtutis
289 1657 446 1737 religionis
459 1656 562 1717 nititur
580 1675 615 1717 ac
631 1661 816 1736 praeceptum
837 1654 1015 1716 observandi

41 1743 201 1805 castitatem
237 1745 354 1808 clericis
391 1745 429 1806 ad
465 1762 566 1806 sacros
590 1744 712 1806 ordines
744 1745 890 1825 promotis
917 1744 1015 1825 impo-

42 1828 128 1892 situm
148 1836 171 1892 ⁸.

77 1920 133 1991 uui
148 1925 250 1983 autem
264 1926 367 1984 votum
381 1922 526 1984 castitatis
540 1940 620 2002 saepe
631 1919 796 1996 renovarit,
813 1939 874 1981 non
890 1919 923 1981 tit
933 1938 1015 1998 reue,

42 2009 210 2084 peccando,
233 2010 409 2091 multiplicis
436 2010 603 2090 sacrilegii,
619 2011 690 2091 quia
718 2028 756 2071 er
777 2008 827 2070 illa
855 2009 1017 2091 multiplici

44 2098 234 2161 renovatione
263 2118 325 2161 non
349 2100 564 2181 multiplicatur
589 2096 744 2179 obligatio.
767 2098 854 2161 Unde
875 2098 1016 2160 baeccir-

44 2187 223 2250 cumstantia
249 2207 309 2250 non
347 2196 392 2251 est
429 2189 598 2251 necessario
629 2185 809 2250 declaranda
836 2188 868 2247 in
895 2185 1017 2249 confes-

44 2290 137 2338 arone.

82 2386 150 2445 111.
174 2385 307 2446 Omnino
329 2392 374 2447 est
399 2383 615 2446 affirmandum
641 2382 753 2464 duplex
774 2372 879 2442 adesse
897 2380 1020 2443 sacrile-

45 2470 125 2549 giam
141 2473 164 2534 si
185 2488 313 2553 persona
334 2492 418 2535 sacra
439 2491 505 2534 rem
519 2473 628 2534 habeat
641 2490 711 2539 cum
727 2471 783 2532 alia
803 2489 871 2550 quae
883 2469 1020 2531 sitetiam

44 2577 126 2622 sacra
144 2561 327 2642 :dupliciter
345 2563 428 2624 enim
451 2562 630 2640 religionem
658 2552 794 2634 offendit,
815 2558 937 2639 proprio
961 2558 1020 2620 soi-

48 2645 112 2710 licet
126 2656 250 2731 peccato
263 2656 293 2711 et
308 2655 430 2731 peccato
450 2649 572 2711 alterius
585 2649 633 2710 cui
645 2654 824 2728 cooperatur
836 2649 858 2708 ⁸.

84 2740 131 2798 An
145 2743 246 2801 autem
260 2739 452 2819 sacrilegium
466 2738 635 2800 committat
650 2755 778 2818 persona
795 2737 857 2796 Deo
871 2739 985 2797 sacrata
995 2735 1021 2796 si

26 2834 28 2841 '
48 2824 174 2888 alterum
188 2845 245 2889 suo
265 2828 392 2889 consilio
406 2825 577 2888 inducatad
597 2830 752 2906 peccalum
769 2841 942 2896 venereum,
959 2822 1020 2884 dis·

49 2922 175 2993 putatur.
191 2915 355 2977 Affirmans
377 2922 422 2977 est
444 2916 487 2976 De
512 2915 607 2994 Lago,
624 2919 653 2974 et
675 2932 744 2975 cum
761 2912 950 2987 occultat,
967 2910 1020 2991 qui

49 3001 115 3065 inde
129 3003 283 3075 concludit
301 3002 449 3083 sacrilegii
476 3019 541 3064 reas
554 3019 620 3063 esse
645 3001 892 3081 monialesquaa
911 3017 1022 3061 venus-

50 3095 139 3156 tatem
162 3091 295 3174 pectoris
313 3090 484 3167 laudando,
513 3091 655 3152 alumnas
691 3108 763 3151 suas
789 3089 826 3150 ad
855 3088 1021 3157 nuditatem

51 3179 255 3245 scandalorum
292 3179 489 3255 accendunt3
530 3178 583 3240 sed
609 3178 680 3240 satis
705 3176 901 3258 probabiliter
934 3180 1024 3254 negat

82 3428 105 3479 1.
122 3428 177 3480 Lib.
190 3430 214 3491 3,
230 3439 257 3478 ιιο
267 3428 307 3479 11.

81 3500 105 3549 1.
122 3500 191 3561 luta,
204 3506 232 3550 n⁰
247 3500 302 3549 151.

49 3606 64 3621 .
82 3570 105 3620 3.
122 3570 288 3632 1111111155.

82 3641 106 3692 1.
122 3641 149 3693 S.
161 3643 273 3708 Lignea,
286 3641 329 3692 lib.
342 3641 366 3701 3,
379 3651 406 3688 n⁰
418 3640 472 3693 156.

83 3713 106 3765 5.
124 3715 159 3768 De
172 3713 301 3778 decalogo,
315 3728 339 3763 c.
354 3712 378 3772 3,
392 3717 437 3763 art.
453 3712 477 3770 5,
491 3710 516 3760 in
529 3710 586 3760 fine.
