2384 4138
121 121 221 179 ·58
357 172 359 177 .
500 131 538 175 ne
559 132 652 177 nauus
673 130 830 177 vuncucrs.

183 270 247 313 esse
261 267 431 325 mansuros,
447 250 537 311 etiam
547 249 585 310 ab
600 248 686 310 initio
696 248 830 328 copulari
842 256 974 327 possent.
990 253 1034 311 lla
1046 248 1161 312 Saneb.

184 348 211 401 et
226 339 401 400 Salmantic.
419 339 498 419 apud
515 338 545 399 S.
563 338 685 418 Lignor.
703 339 724 397 ¹.
742 337 851 397 Contra
870 337 958 397 sentit
974 344 1082 399 tamen
1104 343 1161 400 tttt.

186 430 246 489 bb.
265 427 391 489 Bourier
405 430 428 488 *.

226 536 293 592 tat.
318 531 379 593 Soli
395 529 518 611 quidem
533 535 629 592 tactus
644 528 787 609 impudici
804 529 867 592 loca
893 549 978 592 sacra
1006 550 1070 592 nnn
1102 533 1165 613 pol·

186 618 286 692 luunt,
298 618 350 683 sed
361 618 456 699 quaeri
472 625 569 698 potest
581 636 620 678 an
635 617 694 678 sint
715 617 850 697 sacrilegi
871 619 996 698 quando
1010 620 1043 680 in
1057 620 1166 682 iisdem

187 706 292 768 fiunt?
307 742 343 751 -
358 708 441 768 Circa
456 705 538 785 quod
548 706 658 785 duplex
671 712 716 766 est
731 708 879 767 sententia
896 725 904 766 ι
921 708 1021 768 Prima
1036 724 1166 788 negans,

187 813 256 857 cum
273 794 418 872 Sanchez‚
434 797 557 857 Navarr.
572 805 602 855 et
617 794 682 854 aliis
698 793 859 873 pluribus,
884 795 975 856 modo
989 795 1071 857 absit
1087 799 1168 877 peri·

188 884 296 961 culum?
313 883 507 963 pollutionis,
530 883 613 963 quia,
635 887 670 943 ul
693 882 789 957 aiunt,
804 901 858 963 per
882 882 1058 962 hujusmodi
1083 892 1169 948 actus

189 972 256 1034 loca
270 990 354 1033 sacra
369 990 430 1033 non
446 971 637 1052 polluuntur.
655 970 796 1032 Secunda
811 971 996 1051 probabilior
1009 972 1169 1037 affirmans

188 1079 259 1127 cum
275 1060 306 1122 S.
323 1062 443 1141 Lignor.
460 1060 565 1122 etaliis
584 1058 622 1120 ab
637 1060 702 1140 ipso
714 1059 810 1121 citatis
827 1080 834 1119 :
850 1060 933 1141 quia,
950 1063 1005 1124 etsi
1021 1082 1081 1144 per
1098 1066 1169 1126 tales

189 1158 274 1212 aolus
287 1150 423 1211 Ecclesia
438 1166 498 1209 non
522 1148 687 1228 polluatur,
704 1147 803 1227 gravis
823 1154 923 1209 tamen
941 1149 996 1230 ipsi
1017 1152 1170 1233 irrogatur

192 1237 386 1300 irreverentia
404 1239 426 1297 ⁸.-

212 1330 278 1388 rrlu
293 1333 394 1390 autem
409 1324 510 1399 rerba,
524 1324 627 1386 oscula
649 1331 679 1385 et
703 1330 845 1405 aspectus
868 1325 966 1387 lascivi
990 1327 1021 1387 in
1044 1329 1170 1391 eeclesia

190 1415 295 1489 habiti,
311 1415 370 1475 sint
389 1413 569 1493 sacrilegia?
585 1447 623 1457 -
635 1416 708 1475 Tres
722 1420 791 1474 sunl
813 1413 980 1476 sententiaa.
997 1414 1110 1478 Prima
1122 1420 1181 1499 ge?

192 1503 335 1567 neraliter
353 1501 494 1563 affirmat.
509 1500 644 1565 Secunda
657 1500 788 1563 allirmat
803 1508 922 1563 tantum
943 1501 981 1564 dc
995 1504 1030 1565 iis
1054 1508 1170 1567 aclibus

191 1591 243 1672 qui
259 1597 329 1652 sunt
343 1590 458 1652 externi
470 1596 500 1651 et
511 1591 640 1670 graviter
653 1597 767 1670 turpes.
791 1590 817 1651 Τ
814 1591 893 1651 ertia
903 1609 974 1653 vero
990 1590 1170 1673 generaliter

194 1685 299 1758 negat,
327 1678 398 1758 quia
425 1676 480 1738 etsi
503 1676 677 1755 hujusmodi
693 1683 778 1738 aetus
802 1677 862 1738 sint
876 1686 998 1756 peccata
1019 1683 1170 1755 mortalia,

193 1786 255 1828 non
280 1772 379 1827 lamen
395 1766 552 1826 continent
566 1783 620 1844 per
634 1783 666 1826 se
686 1783 807 1844 gravem
823 1765 1051 1830 irreverentiam
1074 1770 1183 1911 physip

193 1872 260 1915 cam
275 1872 346 1932 erga
360 1853 462 1915 locum
477 1872 607 1914 sacrum.
621 1851 761 1914 Secunda
778 1854 927 1916 sententia
946 1856 1088 1921 absolute
1104 1876 1171 1940 pro-

194 1942 320 2003 babilior
331 1940 449 2003 videtur
463 1940 495 2003 S.
513 1941 656 2021 Lignorio
668 1942 689 2001 ⁸.

236 2037 281 2092 rtn
296 2029 428 2110 denique
441 2029 597 2110 sacrilegia
610 2030 670 2090 sint
686 2027 884 2108 cogitationes
901 2036 1005 2112 turpes
1020 2034 1050 2095 in
1074 2037 1173 2099 eccle-

194 2120 238 2180 sia
248 2117 382 2180 habitet
396 2140 436 2163 ·-
448 2121 551 2194 Recte,
568 2118 664 2198 inquil
678 2115 709 2178 S.
725 2118 847 2196 Lignor.
861 2120 883 2196 ⁵,
895 2118 1091 2200 distinguunt
1111 2124 1175 2188 Sal·

197 2208 369 2268 manlio...:
390 2206 593 2282 Affirmantes,
608 2207 632 2267 si
659 2205 806 2267 desideria
832 2207 892 2268 sint
917 2207 1083 2273 deliberata
1112 2233 1175 2295 pec-

194 2296 282 2357 candi
307 2290 429 2356 externe
452 2296 482 2355 in
509 2294 655 2370 ecclesia,
677 2301 707 2354 et
729 2294 787 2355 hoc
801 2295 918 2356 etiamsi
948 2297 997 2357 illa
1025 2297 1175 2364 desideria

195 2391 278 2445 extra
292 2382 450 2444 ecclesiam
458 2382 627 2444 habeantur
634 2402 643 2456 3
657 2400 755 2459 secus,
767 2383 791 2443 si
807 2383 856 2443 illa
867 2384 925 2445 sint
937 2388 1084 2465 peccandi
1096 2399 1174 2452 extra

195 2472 366 2545 ecelesiam,
383 2471 453 2532 licet
466 2471 497 2530 in
512 2470 638 2532 ecclesia
654 2470 831 2532 habeantur.

238 2573 305 2630 ltt.
329 2571 361 2629 3⁰
384 2566 471 2632 Ct'ren
498 2586 543 2628 res
571 2567 764 2647 sacrilegium
785 2567 984 2631 committitur
1007 2590 1081 2634 cum
1112 2577 1175 2658 quis

198 2655 288 2739 rebus
300 2655 391 2716 saeris
405 2655 539 2716 abutitur
553 2652 590 2715 ad
603 2656 730 2735 turpiter
744 2655 931 2735 peccandum
948 2679 957 2735 ;
982 2661 1006 2720 si
1023 2681 1140 2746 nempe
1151 2668 1174 2727 in

200 2744 372 2805 linteamina
383 2748 435 2804 aut
449 2762 516 2825 vasa
531 2761 615 2803 sacra
626 2761 731 2804 semen
747 2743 891 2821 effundat,
909 2746 931 2806 si
947 2766 1074 2811 cereum
1090 2753 1176 2817 bene·

198 2834 323 2909 dictum,
335 2839 397 2906 aul,
413 2831 493 2912 quod
509 2839 552 2892 est
569 2831 945 2907 communicauerunt
959 2837 1176 2904 Eucharistiae]

199 2920 236 2981 ad
251 2920 394 3002 philtrum
417 2919 599 2981 amatorium
614 2919 766 2996 adhibeat,
782 2920 806 2981 si
831 2919 974 3001 reliquias
998 2926 1028 2985 in
1045 2931 1176 3007 pretium

199 3010 313 3089 peccati
336 3009 432 3087 turpis
452 3007 547 3068 daret.
566 3041 604 3054 —
628 3011 673 3069 An
699 3015 801 3069 autem
827 3009 968 3071 sacerdos
983 3021 1177 3093 peccansin·

199 3103 283 3158 terne
296 3097 340 3158 vel
357 3102 481 3158 externe
505 3102 609 3159 contra
626 3098 805 3169 castitatem,
819 3095 892 3159 dum
909 3107 1007 3178 gestat
1021 3105 1067 3164 rel
1085 3110 1177 3188 tangit

229 3336 252 3386 l.
272 3334 330 3387 tlttn.
347 3340 372 3385 et
383 3334 426 3386 lib.
439 3333 463 3395 6,
477 3343 504 3383 n³
513 3333 568 3383 920.

229 3407 254 3458 2.
272 3407 487 3465 memorante,
504 3419 529 3468 p.
542 3403 582 3453 tt.

230 3478 255 3528 3.
274 3476 299 3525 S.
316 3477 428 3542 bigam..
441 3476 484 3526 lib.
498 3476 522 3535 3,
538 3484 566 3524 n⁰
577 3474 632 3524 159.

231 3546 253 3597 l.
271 3546 344 3609 tlte,
357 3558 384 3596 n⁰
396 3547 451 3597 tot.

232 3620 255 3668 5.
270 3618 342 3678 leid„
356 3628 383 3667 n⁰
396 3618 453 3668 toa.
