2384 4138
172 151 211 210 'tt
490 157 529 203 nr
550 154 644 202 araus
665 156 822 203 vernans.

125 280 128 284 ’
177 305 192 340 ιι
214 298 342 361 persona
353 278 538 340 denuntians
552 278 589 338 sit
602 276 662 338 fide
676 277 779 357 digna.
796 276 1028 339 sollicitationis
1041 279 1131 340 crime

177 392 193 428 ιι
214 375 249 431 ut
274 367 441 447 plurimum
477 372 594 427 sea-reto
619 372 832 445 perpetratur;
860 364 933 426 hinc
960 366 1139 446 privilegiet

178 480 194 517 ιι
213 461 260 518 est
284 464 327 528 ut,
343 454 376 516 in
394 457 502 516 ‘causis
524 472 593 534 quae
614 461 720 515 contra
734 454 796 515 hoc
808 454 925 516 crimen
940 452 1150 516 instituuntur

179 568 194 604 ιι
215 543 252 605 ad
304 544 426 624 plenam
471 541 681 620 probationem
735 541 904 604 taciendam
951 542 1149 621 attestationj

179 633 305 694 aetiam
331 630 500 710 singulares
523 628 730 691 admittantur.
748 631 787 689 At
810 631 843 690 in
863 630 1042 690 memoratis
1068 629 1136 692 Sum

180 742 195 778 ι
216 737 338 781 morum
358 716 543 779 Pontificum
567 717 839 779 Constitutionibus
864 718 1090 798 praescribitur,
1117 738 1143 780 n:

180 831 195 866 ι
225 825 296 869 cum
309 806 437 868 testibus
459 806 663 887 singularibus
689 805 885 886 procedatur,
908 806 966 867 nisi
991 825 1137 886 praesum

181 917 197 955 ιι
217 895 326 970 tiones,
342 893 455 955 indicia
479 899 510 955 et
523 893 581 954 alia
604 892 790 955 adminicula
812 899 1006 956 concurrant.
1038 895 1119 956 rond

182 1006 198 1043 ι
218 983 311 1065 igitur
324 983 474 1062 cujusque
488 981 739 1055 denuntiationis,
749 981 907 1062 qualitates
913 988 943 1044 et
957 982 1153 1046 circumstan

183 1095 199 1131 ι
219 1072 268 1133 tiae
290 1071 372 1137 serio
386 1078 590 1151 accurateque
605 1069 830 1150 perpendendae
852 1075 933 1143 sunt,
949 1076 979 1132 et
992 1078 1126 1153 antequa

182 1183 199 1220 ι
219 1166 325 1223 contra
349 1159 563 1221 denuntiatum
586 1158 783 1238 procedatur,
800 1165 992 1239 perspectum
1016 1160 1153 1242 explora

184 1270 200 1307 ιι
219 1257 348 1328 tumque
374 1246 470 1326 judici
487 1264 554 1308 esse
579 1246 688 1322 debet,
713 1245 795 1326 quod
817 1246 959 1308 mulieres
973 1248 1020 1309 vel
1034 1250 1089 1311 viri
1107 1251 1143 1312 ιιι

185 1361 200 1395 ι
221 1337 395 1398 nuntiantes
419 1336 480 1396 sint
493 1333 565 1395 boni
594 1334 740 1409 nominis,
767 1353 868 1415 neque
893 1335 930 1396 ad
956 1338 1127 1401 accusando

186 1425 267 1487 arel
298 1423 454 1486 inimicitia
479 1425 526 1485 vel
560 1422 619 1484 alio
656 1422 791 1485 humano
818 1422 926 1485 affectu
958 1424 1149 1489 adducantur

187 1515 348 1592 «Oportet
372 1512 456 1574 enim
481 1517 515 1573 ut
540 1516 632 1574 testes
644 1510 820 1592 hujusmodi
846 1512 1016 1593 singulares
1030 1515 1070 1575 ab
1092 1534 1142 1578 om

188 1625 203 1660 ιι
224 1599 446 1680 nibusprivatis
458 1599 1036 1682 affectionibussintimnrunes,utipsis
1048 1601 1119 1666 inte
1146 1623 1147 1626 ¹

188 1711 203 1747 ι
224 1687 301 1753 fides
315 1686 420 1750 baberi
436 1688 568 1769 possit&

229 1799 245 1835 ιι
266 1779 318 1837 tl⁰
332 1776 375 1837 Ea
389 1782 434 1838 est
454 1775 545 1857 hujus
563 1777 720 1857 Supremae
739 1776 946 1857 Inquisitionis
960 1781 1155 1846 consuetudo

189 1870 261 1927 rut
286 1871 356 1946 post
383 1881 478 1927 unam
500 1864 664 1926 alteramve
683 1864 948 1926 denuntiationem
969 1867 1156 1931 rescribatur

191 1976 207 2012 ιι
227 1951 310 2033 quod
323 1951 519 2014 denuntiatus
537 1952 728 2026 observetur,
744 1953 784 2014 ita
798 1952 936 2015 videlicet
953 1972 1044 2033 super
1066 1955 1158 2018 dolat

190 2065 206 2101 ιι
226 2039 355 2102 crimine
368 2047 525 2121 suspectus
547 2039 704 2117 habeatur,
715 2048 761 2116 ut,
774 2058 844 2102 euru
858 2042 992 2120 primum
1006 2061 1062 2121 per
1076 2064 1153 2108 nov

192 2152 206 2188 ι
225 2127 469 2190 denuntiationes
482 2145 530 2189 res
548 2128 701 2207 explorata
722 2129 790 2204 erit,
805 2129 835 2189 in
850 2129 999 2208 iudicium
1013 2134 1133 2194 vocand

192 2240 207 2277 ιι
228 2216 276 2279 sit.
292 2218 333 2281 Ut
347 2216 515 2296 plurimum
530 2216 651 2278 nonnisi
666 2234 684 2277 a
697 2217 785 2278 tertia
799 2215 1031 2281 denuntiatione
1043 2240 1104 2301 pro
1129 2223 1161 2278 ιιι

192 2327 208 2364 ιι
226 2302 311 2366 solet.
329 2304 375 2364 Ad
388 2303 515 2366 formale
530 2321 659 2365 examen
673 2311 820 2367 vocantur
836 2305 959 2386 parochi
974 2308 1018 2369 vel
1035 2311 1168 2387 probata

193 2415 209 2451 ιι
229 2391 301 2453 tidei
321 2399 523 2474 spectataeque
543 2392 662 2454 virtutis
682 2392 748 2465 viri,
762 2395 928 2474 praesertim
954 2395 1166 2474 ecclesiastici,

194 2502 210 2538 ι
228 2481 282 2560 qui
310 2498 381 2542 cum
406 2482 580 2559 juramento
605 2480 643 2541 de
657 2481 781 2541 veritate
795 2481 924 2543 dicenda
947 2489 977 2544 et
998 2483 1036 2545 de
1052 2494 1189 2550 secreto*

194 2589 210 2627 ιι
231 2567 378 2629 servando
398 2587 489 2650 super
505 2568 700 2649 qualitatibus
725 2567 970 2631 denuntiantium
995 2580 1025 2634 et
1045 2574 1168 2639 ‹lenun-
1188 2612 1189 2619 ι

196 2677 212 2715 ι
230 2655 312 2731 tiati,
329 2662 359 2718 et
373 2675 465 2736 super
479 2656 594 2718 mutuis
608 2675 714 2732 eorum
729 2656 806 2718 odiis
821 2664 850 2718 et
864 2657 1029 2722 inimicitiis
1052 2667 1169 2726 exami-

195 2765 211 2802 ιι
232 2746 454 2807 nentur.Hisce
465 2744 593 2824 peractis
604 2743 783 2823 diligentiis,
796 2764 865 2806 reus
879 2746 909 2807 in
916 2747 1066 2826 iudicium
1083 2753 1171 2814 addu-

195 2854 211 2890 ι
230 2830 319 2908 citur,
333 2840 363 2895 et
376 2851 479 2895 coram
493 2831 609 2913 iudice,
621 2851 693 2894 cum
714 2833 885 2896 interventu
901 2835 1098 2901 ecclesiastici
1112 2838 1172 2915 riri,

196 2941 211 2977 ιι
230 2920 285 3001 qui
310 2922 419 2983 notarii
442 2927 541 3001 partes
569 2928 637 3001 agat
651 2968 660 2996 ,
675 2938 767 3000 super
790 2921 917 3002 singulis
947 2924 1101 3007 cujusque
1125 2929 1173 2989 de·

196 3031 211 3067 ι
235 3008 436 3072 nuntiationis
458 3015 488 3071 et
510 3008 660 3070 examinis
679 3009 828 3088 adiunctis
839 3012 1014 3087 juramento
1033 3013 1172 3078 dicenda

196 3095 363 3160 «veritatis
385 3097 547 3161 obstrictus
566 3095 750 3177 respondere
764 3097 864 3159 debet.
887 3100 1012 3162 Cavctur
1037 3103 1173 3166 solertis

197 3206 212 3243 ιι
233 3185 309 3251 sture
321 3204 359 3248 ne
374 3184 622 3253 denuntiantium
635 3184 761 3246 nomina
778 3202 830 3246 reo
841 3186 1083 3265 manifestentur,
1096 3202 1128 3256 et
1141 3208 1173 3253 ne

197 3297 212 3333 ιι
233 3276 452 3337 sacramentale
465 3273 599 3353 sigillum
615 3291 739 3354 quoquo
752 3272 843 3334 modo
853 3274 990 3338 violetur.

237 3382 252 3428 ιι
275 3363 464 3437 t2⁰Quando
478 3367 636 3443 perspecta
650 3361 776 3423 eraserit
785 3362 892 3442 patrati
903 3364 1040 3427 criminis
1054 3370 1171 3441 veritas,

197 3479 212 3513 ιι
233 3454 344 3519 reond
371 3451 591 3525 detonsionem,
612 3454 704 3530 prout
724 3450 793 3528 jura
819 3458 1002 3531 exposcunt,
1029 3455 1171 3523 adrnisso

224 3658 247 3706 t.
266 3657 298 3709 ar
312 3656 383 3704 lustr.
395 3655 467 3719 iussu
479 3651 516 3702 Pii
524 3651 561 3713 Vl,
575 3652 710 3704 annolild
723 3652 754 3703 ad
765 3652 842 3702 vicar.
855 3653 940 3717 Apost.
954 3654 1095 3709 Cocineion
1110 3658 1172 3710 dau.
