2384 4138
460 188 553 234 ctaur
574 191 606 235 n.
983 172 1022 232 19

45 301 101 362 lert
114 301 244 380 quidem
260 301 481 364 alornicatione
496 305 639 383 simplici,
654 304 706 365 sed
721 311 766 365 est
780 311 881 364 tamen
895 301 1024 362 circum-

46 388 152 448 stantia
166 388 345 468 regulariter
359 391 389 451 in
399 392 589 453 confessione
598 391 790 465 declaranda,
804 391 910 451 saltem
920 390 944 450 si
954 408 1023 451 con·

46 476 189 538 fossarius
213 478 377 558 interroget
412 502 417 539 :
450 498 520 541 cum
546 474 696 542 absolutio
719 486 851 560 nequeat
872 477 1024 539 ordinarie

46 566 275 626 concubinariis
283 566 358 640 dari,
374 568 430 628 nisi
444 568 614 629 concubina
624 569 889 648 priusejiciaturet
904 566 1025 627 aluum-

46 660 134 732 patur
145 653 379 716 concubinatus.
397 656 481 718 Unde
495 656 637 716 damnata
650 657 702 718 luit
716 673 846 735 sequens
861 654 1025 734 propositio

46 740 84 802 ab
102 742 275 804 alexandro
301 746 350 803 Vll
370 762 376 803 :
395 744 464 805 Non
484 753 524 804 est
543 744 718 824 oblipundoo
740 742 966 804 concubinarios
987 741 1029 802 od

46 829 224 908 ejiciendam
240 830 440 904 concubinam,
451 833 479 891 si
490 831 651 893 lamentaris
663 832 830 892 utilr'sesset
845 830 886 891 od
896 830 1025 890 oblecta-

47 926 178 978 mentum
202 918 416 990 concubinarii,
444 920 533 999 culpo
552 935 681 992 nauata,
700 919 768 979 dum
791 918 944 998 deficiente
969 918 1026 978 illo

49 1006 141 1065 nimis
162 1025 240 1085 oepre
253 1015 353 1086 operet
362 1010 462 1079 vitam,
476 1009 585 1069 etalio
597 1007 694 1088 epoloe
708 1006 797 1068 tudio
811 1024 917 1086 mopoo
929 1024 1028 1067 concu-

48 1092 201 1154 binarium
223 1093 378 1176 officerent
397 1105 427 1156 et
450 1095 516 1156 alia
538 1096 655 1173 samolo
677 1096 768 1155 m'mo's
790 1093 919 1174 difficile
944 1095 1026 1155 ioce-

49 1183 179 1243 miretur.

86 1274 138 1331 48.
163 1271 287 1341 Quaerit.
312 1275 346 1332 3ο
374 1276 419 1331 An
446 1272 557 1332 absolvi
587 1272 680 1350 possit
703 1271 952 1346 concubinarius,
975 1272 1028 1353 qui

46 1359 114 1419 sino
128 1359 275 1420 scandalo
289 1366 340 1421 aut
356 1359 478 1421 infamia
493 1360 697 1421 concubinam
713 1360 836 1421 edomo
850 1378 904 1422 sua
919 1361 1029 1440 ejicere

51 1446 187 1527 nequit?

88 1537 181 1615 Resp.
208 1536 433 1597 absolvendum
447 1554 509 1636 tion
531 1554 596 1595 esse
607 1536 772 1612 ordinarie,
787 1537 843 1596 nisi
864 1537 894 1596 in
910 1537 1030 1599 casibus

47 1710 140 1772 iamae
160 1719 212 1772 aut
226 1712 373 1789 fortunam
399 1719 429 1774 et
444 1716 533 1774 etiam
556 1721 630 1774 tunc
648 1713 769 1790 expedit
783 1714 911 1773 ornoino
933 1719 966 1774 ut
953 1713 1028 1774 tilii

47 1796 202 1861 absolutio
216 1800 370 1862 differatur
392 1801 491 1862 donec
504 1801 672 1861 constiterit
692 1801 770 1860 dc
745 1819 811 1878 ejus
830 1802 1027 1863 continentia.

55 1889 155 1949 «Nisi
180 1907 267 1950 casus
290 1898 388 1962 esset,
416 1890 515 1968 inquit
540 1891 570 1949 S.
603 1889 830 1969 biguor.‚quod
852 1890 1029 1969 poenitcns,

54 1997 71 2034 c
91 1979 165 2036 satis
179 1976 475 2058 aliasdispositusw
491 1995 552 2037 non
567 1978 699 2057 amplius
715 1977 812 2037 redire
826 1985 925 2056 posset
939 1976 977 2038 ad
999 1998 1031 2039 se

55 2086 72 2123 o
93 2063 321 2139 confitendum3
337 2065 418 2126 vel
396 2084 420 2126 si
431 2065 603 2125 immineret
617 2065 777 2126 necessitas
785 2065 1032 2126 communicandi

55 2172 72 2210 u
93 2151 131 2211 ad
145 2152 296 2212 vitandam
313 2153 471 2233 positivam
488 2152 678 2213 intaminati&
693 2174 708 2209 a

92 2241 128 2299 ln
150 2241 294 2301 extremis
307 2241 488 2302 constitutus
501 2241 653 2300 nerninem
667 2239 781 2300 babens
795 2247 903 2319 praeter
918 2259 1032 2302 concu-

52 2324 156 2388 binam
174 2346 227 2407 qui
219 2327 298 2388 sibi
320 2331 486 2389 necessaria
503 2329 663 2404 ministret,
683 2333 781 2406 potest
794 2327 926 2395 absolvi,
944 2328 1033 2390 modo

51 2416 222 2494 promittat,
243 2417 333 2477 etiam
347 2436 449 2477 coram
471 2417 637 2477 astantibus
659 2417 683 2476 si
702 2417 921 2476 commercium
945 2415 1035 2478 fuerit

52 2504 225 2583 publicum,
241 2522 272 2565 se
287 2523 380 2584 quam
397 2507 532 2584 primum
549 2505 677 2584 potuerit
694 2503 897 2565 concubinam
918 2505 1029 2582 ejectu-

52 2609 136 2652 rum.
159 2592 244 2653 idem
258 2601 303 2653 est
316 2592 480 2655 dicandum
503 2594 541 2654 de
555 2593 727 2654 concubina
749 2592 779 2652 in
802 2592 909 2653 eadem
927 2611 1033 2654 neces-

53 2680 141 2755 sitate
147 2680 318 2741 'constituta
333 2685 355 2738 2.

93 2772 144 2830 49.
171 2769 211 2828 At
230 2786 302 2830 casu
324 2787 385 2848 quo
400 2769 646 2840 concubinarius,
670 2769 745 2829 citra
760 2769 930 2848 periculum
952 2787 1034 2830 scao-

55 2852 114 2916 dali
138 2865 190 2918 aut
217 2856 350 2917 int'amiae
375 2857 451 2916 valet
470 2857 675 2917 concubinam
703 2855 875 2932 dimittere,
897 2863 1036 2938 potestne

56 2942 183 3022 absolvi,
197 2944 222 3004 si
237 2944 315 3006 serio
329 2943 481 3024 promittat
494 2944 574 3004 illam
589 2962 654 3006 esse
669 2945 857 3021 ejecturum?

96 3034 189 3112 Resp,
208 3032 361 3103 Quosdam
375 3031 526 3093 allirmare
543 3050 597 3111 pro
609 3033 704 3110 prima
714 3041 764 3093 aut
774 3026 905 3092 secunda
919 3033 993 3109 vice,
1004 3040 1038 3095 ul

58 3120 196 3197 Saucius,
211 3130 289 3196 etc.;
305 3121 380 3201 alios
398 3121 525 3181 omnino
539 3139 650 3199 negare
664 3121 754 3180 etiam
768 3139 822 3199 pro
838 3121 935 3201 prima
949 3122 1034 3195 vice,

58 3208 81 3269 si
94 3210 214 3271 occasio
223 3210 260 3271 sit
276 3228 410 3291 praesens
426 3228 433 3268 :
449 3209 489 3269 ita
504 3210 639 3283 Navarr,
655 3209 776 3278 Palaus,
791 3215 848 3279 etc,
862 3229 870 3284 ;
884 3208 1037 3270 aliostan·

58 3296 131 3358 dem
145 3297 333 3377 distinguere
348 3298 425 3358 inter
447 3315 553 3359 casum
575 3296 796 3358 concubinatus
810 3296 926 3377 publici
940 3302 971 3358 et
986 3294 1037 3358 ca·

95 3528 119 3577 1.
138 3526 191 3578 Lib.
203 3528 227 3588 3,
241 3539 269 3577 n⁰
283 3528 338 3579 J35
351 3491 568 3591 Vidcpariterlib
584 3529 608 3587 θ,
620 3528 728 3589 1101155,
744 3528 798 3579 158

94 3597 118 3646 2.
138 3598 317 3660 {inosculatio
335 3605 434 3651 scotum
450 3600 562 3664 Decolopl
580 3604 745 3666 proseptum
771 3599 793 3649 J.
796 3600 838 3650 -.G
858 3580 963 3655 Saettler,
979 3611 1002 3646 c.
1016 3596 1038 3653 1,

63 3675 111 3721 art.
126 3668 186 3735 t,q
199 3668 239 3731 3⁰,
253 3671 341 3721 adom.
