2384 4138
171 190 210 248 66
427 269 428 273 ¹
496 205 535 273 ox
555 204 648 248 nunus
668 203 823 249 vennatis.

215 343 230 379 «
250 323 445 384 Meminerint
459 331 602 404 praeterea
616 342 723 384 omnes
738 332 765 384 et
781 324 892 403 singuli
908 324 1097 396 sacerdotes
1112 324 1142 384 ad
1177 338 1180 375 t

175 411 415 473 «confessiones
435 411 602 474 audiendas
616 412 782 486 constituti,
798 412 893 474 teneri
916 431 948 473 se
969 433 1006 474 ac
1021 412 1142 493 obligari
1177 426 1180 462 t

173 521 190 557 n
209 516 280 560 suos
295 501 486 580 penitentes,
503 519 580 581 quos
601 501 738 563 noverint
753 500 790 561 ab
814 499 879 561 aliis
895 499 986 562 luisse
999 506 1035 562 ut
1059 519 1142 580 supra
1177 514 1180 551 ¹,

174 611 188 646 n
210 587 395 663 sollicitatos
412 589 518 651 sedulo
534 607 671 665 monere,
682 591 765 668 juxta
780 589 1007 651 decurrentium
1021 607 1141 650 casuum

150 674 153 681 '
174 698 189 735 u
210 676 464 752 circumstantias,
475 678 513 738 de
528 677 711 758 obligatione
724 678 924 741 denuntiandi
939 677 1079 739 locorum
1093 679 1140 738 ltr-
1179 696 1180 727 i

174 787 189 823 n
208 762 335 827 'dinariis
354 766 504 846 praedietis
533 784 693 847 personam
715 785 783 846 quae
800 766 1046 828 sollicitationem
1061 785 1140 829 eum·
1179 786 1180 799 ¹

175 877 189 914 a
211 855 335 931 miserit,
350 856 466 917 etiamsi
482 856 622 917 sacerdos
645 856 684 916 sit
697 856 750 936 qui
767 854 978 934 jurisdictione
1002 855 1041 916 ad
1061 855 1140 916 abso·
1179 872 1180 897 ³

174 942 357 1004 «tutionem
379 944 475 1005 valide
500 944 734 1024 impertiendam
763 950 873 1021 careat,
898 949 950 1005 aut
979 944 1140 1005 sollicitatio
1179 964 1180 977 ¹

175 1054 190 1089 n
211 1031 288 1093 inter
301 1032 519 1099 confessarium
534 1040 563 1094 et
574 1033 771 1113 poenitentem
782 1036 889 1094 mutua
899 1032 1000 1108 luerit,
1012 1034 1074 1094 sive
1088 1032 1139 1094 sol-

175 1143 190 1178 «
211 1120 365 1182 licitationi
387 1121 537 1201 poenitens
562 1123 765 1196 consenserit,
790 1121 851 1182 sive
870 1139 1057 1191 eonsensum
1087 1121 1138 1180 mi-
1179 1142 1180 1151 ¹

174 1231 189 1266 a
211 1208 293 1269 nime
309 1208 488 1288 praestiterit,
504 1208 552 1270 vel
568 1208 695 1289 longum
712 1216 832 1290 tempus
844 1214 913 1290 post
924 1210 1021 1290 ipsam
1034 1209 1137 1270 sollici·
1178 1232 1180 1245 ¹

174 1297 353 1360 elationem
374 1298 438 1375 jam
453 1297 615 1366 effluxerit,
638 1303 691 1359 aut
719 1298 925 1359 sollicitatioa
948 1298 1135 1371 confessario,
1179 1324 1180 1337 2

174 1409 189 1444 n
211 1403 271 1446 non
286 1403 341 1464 pro
356 1385 466 1465 seipso,
483 1386 536 1447 sed
550 1405 604 1466 pro
619 1386 678 1447 alia
693 1405 821 1467 persona
836 1392 957 1466 peraeta
978 1386 1078 1448 fuerit.
1089 1388 1136 1447 Ca·
1178 1398 1180 1405 ’

174 1497 189 1533 a
209 1480 297 1534 veant
320 1475 444 1552 insuper
470 1473 629 1555 diligenter
652 1474 826 1537 confessarii
854 1494 891 1537 ne
916 1474 1135 1556 poenitentibus,
1179 1487 1180 1523 t

174 1567 194 1620 n·
211 1580 289 1642 quos
306 1562 444 1622 noverint
464 1564 527 1642 jam
547 1562 585 1624 ab
606 1563 666 1624 alio
688 1564 873 1641 sollicitatos,
896 1564 1135 1625 sacramentalem

174 1674 190 1709 a
211 1649 432 1712 absolutionem
468 1651 656 1730 impertiant,
688 1652 745 1712 nisi
775 1653 859 1733 prius
886 1652 1135 1712 denuntiationem
1178 1678 1180 1697 i

174 1762 190 1797 n
211 1737 384 1818 praedictam
407 1737 445 1799 ad
467 1739 610 1800 effectuni
625 1740 837 1820 perducentes,
853 1739 1082 1820 delinquentem
1097 1739 1136 1799 in·
1179 1736 1180 1789 ἐ

175 1826 374 1887 «dicaverint
396 1829 581 1908 competenti
602 1828 708 1905 judici,
732 1828 777 1889 vel
800 1829 905 1889 saltem
923 1847 966 1901 se,
989 1847 1061 1890 cum
1083 1827 1134 1908 pri·
1179 1840 1180 1877 t

175 1938 190 1973 n
212 1934 295 1977 murn
308 1922 462 1996 poterunt,
478 1916 631 1976 delaturos
646 1916 825 1996 spondeant,
842 1936 878 1977 ae
892 1917 1079 1997 promittant.

211 2044 278 2103 l32.
298 2044 391 2104 Paulo
404 2050 470 2124 post
484 2043 623 2121 adjicitur
635 2050 739 2104 contra
761 2045 878 2124 eosqui
898 2045 1078 2104 innoeentes
1095 2061 1136 2104 sa·

170 2130 306 2192 cerdotes
341 2132 595 2193 calumniarent:
636 2134 882 2212 «Quaecumque
913 2150 1043 2210 persona
1075 2149 1134 2213 quae
1179 2202 1180 2211 χ

173 2244 187 2277 a
210 2221 368 2282 execrabili
390 2220 563 2299 hujusmodi
587 2220 706 2300 flagitio*
722 2240 754 2281 se
777 2221 994 2299 inquinaverit,
1018 2221 1066 2282 vel
1091 2237 1134 2300 per
1179 2288 1180 2305 χ

173 2331 187 2366 n
209 2309 338 2389 seipsam
365 2310 543 2369 innoeentes
571 2309 770 2369 confessarios
794 2309 886 2388 impie
907 2308 1133 2378 calumniando,
1179 2376 1180 2399 ,

172 2420 187 2455 n
208 2400 252 2459 vel
269 2399 395 2460 sceleste
411 2398 602 2478 procurando
617 2406 651 2458 ut
666 2399 693 2457 id
709 2400 746 2457 ab
761 2398 828 2458 a'liis
841 2398 903 2473 fiat,
916 2419 933 2457 a
949 2414 1135 2478 quocumque

172 2509 187 2543 a
209 2488 373 2555 sacerdote,
387 2488 493 2567 quovis
510 2486 676 2566 privilegio,
690 2487 906 2553 auetoritateel
922 2486 1070 2566 dignitate
1082 2504 1135 2546 ntu-

172 2598 187 2633 e
210 2577 283 2649 nito,
295 2584 494 2656 praeterquam
507 2594 523 2634 a
532 2576 634 2648 Nobis,
647 2576 827 2657 nostrisque
840 2573 1135 2649 suecessoribus,nisi
1179 2638 1180 2653 χ

172 2687 187 2721 n
208 2664 239 2724 in
256 2664 405 2741 linevitae,
422 2672 451 2725 et
466 2670 592 2744 excepto
604 2665 709 2726 mortis
725 2666 863 2739 articulo,
880 2683 933 2745 spe
947 2663 1136 2726 absolutionis

172 2775 187 2810 n
207 2753 391 2830 obtinendae,
401 2773 492 2835 quam
505 2755 599 2816 Nobis
611 2760 639 2816 et
649 2754 874 2817 successoribus
889 2753 1042 2836 praedictis
1056 2769 1136 2816 neser·
1179 2816 1180 2841 ,

172 2864 188 2899 n
209 2861 325 2918 namus,
341 2850 505 2924 perpertuo
519 2850 629 2905 eareat.
645 2865 660 2901 »

209 2985 278 3042 133.
294 2984 328 3041 In
344 2981 448 3042 Edicto
469 2986 568 3041 aulem
592 2981 740 3059 generalis
765 2978 972 3060 inquisitionis
995 2983 1034 3042 ll)
1056 2984 1134 3042 mart.
1179 2996 1180 3015 ¹

170 3074 259 3143 1677,
275 3070 341 3132 latae
365 3072 520 3132 sententiae
539 3070 815 3131 excommunicatio
839 3069 1005 3148 imponitur
1031 3071 1135 3129 innon
1179 3084 1180 3111 i

169 3158 391 3230 denuntiantes,
401 3159 476 3219 infra
485 3177 633 3235 mensem,
645 3176 752 3219 omnes
764 3158 801 3217 de
812 3157 1135 3237 baeresisuspeetos,in·
1179 3174 1180 3197 ¹

139 3324 143 3329 ἢ
169 3255 214 3308 ter
228 3266 305 3328 quos
326 3253 544 3309 enumerantur
566 3246 739 3308 conlassarii
764 3245 802 3305 ad
816 3247 916 3324 turpia
935 3244 1133 3306 sollicitantes.
1179 3262 1180 3283 ¹

171 3329 368 3407 ·'-1Quamvis
386 3337 450 3398 haee
462 3334 737 3397 excommunicatio
752 3353 814 3394 non
832 3334 869 3394 sit
883 3334 1021 3395 absolute
1044 3350 1133 3396 reser-
1179 3350 1180 3369 ¹

169 3433 248 3500 vata,
261 3425 347 3487 abea
363 3433 465 3487 tamen
485 3424 598 3486 absolvi
615 3429 774 3504 nequeunt
788 3422 980 3504 praenitentes,
997 3423 1053 3484 nisi
1068 3424 1133 3484 taeta
1179 3436 1180 3455 ¹

169 3513 255 3592 prius
277 3513 525 3585 denuntiatione,
549 3512 675 3596 quando
694 3511 801 3573 saltem
815 3513 926 3591 justam
949 3530 1011 3572 non
1033 3510 1133 3572 habent
