2378 4102
339 159 435 211 auum
457 148 689 215 scrutabamus.
943 140 1002 209 ost

18 299 51 337 ⁴rr
67 278 129 337 illa
142 296 200 336 non
212 280 375 353 impediunt,
390 280 516 354 quamvis
528 296 562 335 ex
576 279 666 335 officio
680 279 714 334 ad
725 279 753 334 id
769 287 924 349 teneantur,
940 284 1002 337 268.

2 367 70 416 *on
99 366 150 417 ¹est
168 360 307 415 ordinarie
332 377 415 431 grave
431 369 573 432 peccatum
596 360 752 430 spectaculo
776 360 910 416 interesse
931 360 1004 432 quod

18 458 62 495 on
80 448 133 496 est
147 440 270 511 graviter
285 448 375 511 turpe,
389 443 451 496 200.
464 442 505 494 An
520 438 625 493 absolvi
649 440 755 510 possint
768 439 887 496 comoedi
905 447 933 495 et
945 439 1004 493 his-

10 521 134 588 ·iones,
154 522 215 575 220.
236 523 278 574 An
293 519 348 573 sint
362 519 603 586 excommunicati,
617 520 676 573 220.
698 517 841 587 Quomodo
858 535 888 574 se
909 535 1004 590 gerere

2 600 117 654 beat
148 597 285 670 parochus
309 598 396 670 quoad
422 597 594 653 matrimonia
619 596 782 652 histrionum
806 606 835 653 ot
859 597 1003 657 comoedo-

40 694 97 744 m,
123 679 186 733 220.

41 774 164 847 Sponst'.
185 778 226 829 Au
249 781 275 830 et
296 774 387 846 qualia
410 776 466 830 sint
488 783 602 846 peccata
619 775 760 846 amplexus
777 783 805 832 et
823 776 916 831 oscula
932 776 1003 830 inter

3 869 149 926 sponsos,
167 855 229 909 260.
326 887 333 899 ·

41 962 173 1018 Sterilee.
187 961 219 1015 V.
235 959 322 1018 Seno.

41 1065 193 1137 stuprum.
214 1064 521 1120 Dissentiuutauctores
540 1064 613 1119 circa
631 1071 757 1119 naturam
769 1064 869 1135 stupri,
885 1067 929 1121 60,
942 1064 1002 1133 Quo
1031 1055 1035 1060 ⁴

4 1159 113 1212 sensu,
136 1142 245 1215 quando
270 1144 361 1214 agitur
381 1142 415 1197 do
437 1150 543 1214 stupro,
562 1141 730 1212 intelligatur
744 1158 796 1199 vox
819 1144 940 1215 virginis,
956 1146 1001 1197 60.

4 1224 133 1279 Certum
147 1231 191 1278 cst
208 1222 356 1288 violentam
378 1222 494 1293 virginis
515 1220 721 1276 deflorationem
741 1222 887 1293 specialem
902 1222 1002 1278 habore

6 1303 157 1358 malitiam
170 1302 281 1374 ipsimet
293 1301 423 1357 violentae
438 1300 610 1355 fornicationi
631 1299 844 1372 superadditam,
861 1303 905 1356 ot.
926 1301 1005 1370 Quo·

7 1382 102 1437 modo
127 1381 297 1451 intelligatur
321 1380 380 1436 hmo
399 1379 537 1446 violentia,
554 1382 598 1433 ot.
625 1380 845 1435 Controvertitur
861 1396 895 1435 an
918 1379 1002 1435 deilo-

8 1463 89 1518 ratio
105 1461 221 1532 virginis
236 1460 309 1515 ultro
323 1459 522 1515 consentientis
544 1460 580 1514 sit
594 1466 735 1531 peccatum
750 1460 893 1533 asimplici
913 1460 1002 1515 forni-

9 1542 132 1597 catione
154 1540 327 1609 distinctum,
343 1542 387 1595 62.
410 1539 540 1595 Rationes
550 1539 722 1610 negantium,
736 1542 779 1594 63.
796 1539 867 1607 Quid
882 1540 908 1594 in
924 1540 1001 1612 praxi

10 1621 51 1676 sit
77 1619 229 1691 agendum,
243 1621 287 1673 dl.
313 1622 355 1674 An
369 1625 495 1691 stuprum
516 1619 670 1674 committat
690 1620 738 1689 qui
750 1619 885 1691 virginem
898 1618 926 1674 in
937 1635 1003 1675 vase

11 1706 196 1772 praepostero
219 1698 376 1767 cognoscit,
399 1700 443 1752 65.
468 1697 509 1752 ud
537 1698 639 1752 nullam
664 1698 865 1755 restitutionem
893 1705 1001 1755 tenetur

11 1777 172 1833 defloratur
186 1793 250 1849 erga
266 1777 400 1848 virginem
421 1778 652 1845 consentientem,
665 1778 710 1832 cui
723 1777 789 1832 nihil
804 1778 940 1850 promisit,
954 1780 997 1832 60.

8 1857 138 1912 Ad1nihil
154 1857 257 1930 paritor
268 1857 297 1911 io
307 1871 450 1928 casa-erga
467 1864 595 1929 parentes
610 1857 713 1929 puellae
725 1857 777 1912 nisi
792 1857 999 1913 deflorationem

10 1936 216 2009 propalaverit,
233 1943 261 1991 et
276 1935 440 2007 quibusdum
454 1935 514 1991 aliis
538 1935 657 2000 casibus,
674 1938 717 1990 66.
734 1936 773 1991 Ad
787 1936 853 2008 quid
874 1945 1000 1992 teneatur

9 2014 167 2073 defloratur
183 2015 230 2088 qui
257 2015 314 2091 vim
337 2015 430 2070 intulit
453 2022 503 2070 aut
522 2015 644 2070 fraudem
660 2016 794 2085 adhibuit,
810 2019 854 2072 67.
878 2015 919 2070 td
933 2015 999 2088 quid

10 2102 112 2151 autem
127 2094 175 2166 qui
187 2094 315 2166 precibus
329 2094 504 2166 importunis,
522 2095 563 2150 vol
576 2095 718 2166 promissis
729 2103 777 2150 aut
792 2095 952 2150 munoribus
965 2093 999 2148 ad
1085 2163 1087 2167 Ι

10 2176 134 2231 crimem
147 2173 264 2241 induxit,
276 2177 320 2227 68.
336 2174 378 2228 Ad
390 2174 456 2246 quid
470 2174 494 2228 si
509 2175 635 2245 copulam
650 2174 765 2230 extorsit
775 2190 824 2247 per
832 2173 999 2229 matrimonii

11 2255 240 2324 promissionem,
254 2257 299 2319 60,
311 2256 355 2308 70.
372 2253 563 2326 Exceptiones,
577 2256 606 2307 tt
615 2297 622 2322 ,
631 2255 675 2323 72,
692 2257 737 2323 73,
748 2255 793 2324 ll,
808 2253 853 2309 75.
869 2254 897 2309 si
909 2253 999 2326 puella

11 2334 38 2387 ri
57 2340 193 2406 corrupta
207 2334 313 2402 luisset,
326 2333 496 2405 probabilius
517 2340 559 2389 est
572 2333 691 2388 dotanda
704 2349 769 2389 casu
782 2350 837 2405 quo
853 2332 998 2395 matrimo-

12 2413 93 2468 nium
109 2429 164 2468 non
179 2413 239 2469 vult
253 2413 415 2469 contrahere
428 2429 491 2468 com
507 2419 671 2485 stupratore,
686 2414 729 2468 75.
746 2412 787 2468 ud
800 2413 998 2486 quidteneatur

13 2490 168 2549 defloratur
181 2492 285 2548 habens
295 2500 390 2548 votum
402 2492 547 2562 castitatis,
557 2493 580 2547 si
595 2493 800 2549 matrimonium
811 2484 995 2566 promisitlb.

13 2573 53 2627 Ad
67 2572 136 2645 quid
149 2579 275 2628 teneatur
288 2572 313 2627 is
326 2574 374 2644 qui
383 2573 435 2628 sub
448 2573 629 2644 promissione
643 2570 810 2630 matrimonii
832 2573 999 2642 consangui-

13 2667 96 2708 neam
110 2652 154 2707 vel
170 2651 279 2706 affinem
291 2651 449 2716 defloravit,
461 2655 506 2707 77.
518 2652 558 2707 Ad
573 2651 639 2724 quid
650 2660 775 2710 teneatur
783 2659 921 2726 stuprator
931 2667 998 2724 erga

13 2733 121 2802 prolem
134 2774 141 2800 ,
157 2732 202 2786 78.
218 2733 311 2795 Poenae
324 2733 413 2803 ajuro
424 2731 498 2788 civili
513 2732 577 2788 latae
589 2740 685 2789 contra
699 2741 883 2807 stupratores,
896 2734 942 2788 80.

47 2833 196 2893 surculam.
210 2837 243 2891 V.
260 2835 373 2893 damon.

49 2931 204 3005 Suapooaio.
217 2936 259 2988 An
274 2934 368 2991 clerici
386 2935 527 2991 fornicarii
537 2935 594 2992 sint
607 2938 667 3010 ipso
680 2936 754 2993 facto
766 2937 901 3011 suspensi,
916 2938 959 2994 55.

50 3029 187 3087 Samoou.
203 3033 243 3085 An
262 3032 405 3088 tenebatur
417 3032 535 3089 clamare
549 3034 583 3090 ad
595 3034 737 3091 vitandum
749 3042 902 3107 peccatum,
915 3038 960 3092 ts,

493 3255 523 3305 1·

52 3412 149 3464 Tactus
163 3406 302 3480 impudici.
330 3412 372 3463 An
387 3417 415 3467 et
434 3419 570 3483 quatenus
582 3414 619 3468 sit
632 3421 881 3487 peccatumstactus
895 3435 996 3477 verut-

16 3486 111 3547 dorum
124 3488 299 3560 propriorum
310 3496 358 3544 aut
372 3489 498 3560 aliorum,
513 3492 575 3546 207.
596 3495 639 3548 An
650 3501 678 3550 et
692 3502 827 3567 quatenus
845 3498 883 3553 sit
898 3516 997 3572 pecca·

20 3572 74 3622 tum
89 3574 177 3623 tactus
189 3568 309 3640 partium
323 3569 414 3625 minus
423 3570 611 3643 honestarum,
627 3575 689 3629 208.
707 3574 950 3648 Quale-peccatum
960 3580 997 3634 sit

17 3651 126 3718 tangere
140 3647 287 3703 brutorum
300 3648 438 3719 genitalia,
454 3652 515 3719 200.
532 3655 621 3708 rin-ot
631 3661 768 3726 qnatenus
789 3654 844 3712 sint
866 3656 995 3712 mortales
