2378 4102
290 177 478 224 nrssaumrro
497 180 532 224 n.
557 177 649 223 carna
670 178 715 222 m.
936 164 990 223 t'lt

7 302 199 381 peccaturam,
217 296 336 361 tametsi
361 316 414 375 per
436 298 577 359 accidens
599 297 728 377 pollutio
750 298 893 378 copulam
916 317 994 379 prae-

7 384 130 461 treniat3
147 385 230 446 idem
248 385 339 446 sentit
353 384 391 446 de
406 387 522 448 actibus
538 386 659 467 pudicis
674 388 704 447 in
724 388 882 470 hypothesi
906 389 993 461 lacta,

7 468 40 532 'si
52 472 223 535 habeamur
238 473 279 535 ob
294 472 390 533 solam
416 475 601 555 voluptatem
615 474 662 536 rel
676 476 716 536 ol>
734 477 829 538 levem
850 495 993 548 oausam3

7 560 111 640 jusus,
127 563 153 623 si
168 563 208 622 ob
222 581 358 642 gravem,
375 572 444 642 puta
456 564 479 625 si
492 565 569 625 adsit
583 583 696 644 urgens
711 584 802 628 causa
816 565 994 627 ostendendi

7 650 160 713 ⁵affectuni
174 651 212 711 ad
230 669 352 730 pravam
368 652 571 732 suspicionem
594 653 632 714 ab
652 654 746 715 altero
767 654 993 715 removendam.

21 738 271 819 -lnrprobalrile
294 746 397 801 tamen
423 759 484 802 non
507 748 554 804 est
574 744 723 803 sententia
747 761 996 821 asserensposse

7 828 152 907 'permitti
178 827 295 909 passive
317 834 415 890 tactus
442 830 532 889 etiam
562 830 744 910 impudicos,
760 832 898 911 quaruvis
921 831 998 891 adsit

7 916 189 996 ¹periculum
203 915 392 995 pollutionis,
410 917 468 978 nisi
483 919 557 978 tales
572 918 633 977 sint
646 925 679 979 ut
690 917 848 980 rideantur
860 919 998 979 inclinata

7 1004 155 1085 pollutio,
172 1004 212 1065 ob
231 1004 380 1065 rationem
402 1006 485 1086 quod
506 1016 579 1068 tunc
599 1006 690 1086 culpa
713 1025 745 1068 se
768 1014 898 1067 tenetes
914 1015 998 1088 parte

20 1111 169 1171 personae.

57 1183 120 1244 Etsi
145 1181 270 1263 quidam
290 1184 508 1260 contradicant,
524 1184 624 1246 verius
641 1191 686 1245 est
707 1201 774 1245 esse
794 1183 920 1246 mortale
941 1203 998 1265 pu-

24 1270 118 1332 denda
130 1271 294 1333 immittere
307 1272 338 1333 in
353 1291 387 1333 os
401 1273 519 1346 uxoris,
534 1272 653 1352 hocque
665 1272 781 1333 crimen
794 1272 832 1333 ab
847 1273 999 1352 aliquibus

24 1366 148 1418 vocatur
161 1358 334 1419 irrumotio.
353 1360 427 1420 Vide
442 1378 534 1440 supra
548 1359 643 1440 (183).

59 1450 129 1508 304.
154 1444 275 1516 Quaerit.
292 1452 325 1508 2⁰
341 1451 387 1507 An
410 1448 579 1509 mortaliter
599 1454 704 1528 peccel
721 1449 834 1526 coniux
862 1449 998 1528 turpiter,

24 1535 160 1606 seorsim,
188 1534 283 1603 altero
309 1535 449 1610 absente,
474 1556 506 1598 se
530 1545 658 1616 tangens
685 1536 804 1597 secluso
824 1537 1000 1616 pollutionis

25 1623 186 1701 periculo?

59 1715 151 1792 Resp.
169 1715 257 1774 Juxta
272 1714 375 1793 plures
393 1721 544 1788 auctores,
560 1714 643 1775 huno
657 1714 820 1794 conjugem
835 1715 1000 1776 mortaliter

26 1818 82 1861 non
107 1819 246 1880 peccare,
263 1803 334 1881 quia
354 1801 528 1879 hujusmodi
551 1810 635 1864 actus
659 1801 906 1863 cohonestantur
920 1808 998 1864 statu

27 1889 219 1959 matrimonii,
242 1908 312 1951 cum
334 1907 372 1950 cx
393 1897 500 1950 natura
518 1909 573 1950 sna
586 1890 623 1952 ad
638 1891 779 1970 copulam
795 1890 997 1951 ordinentur:

27 1976 105 2037 unde
129 1977 247 2039 secluso
270 1978 448 2058 pollutionis
471 1979 607 2058 periculo
631 1997 690 2039 non
707 1986 833 2059 possunt
851 1998 916 2039 esse
931 1999 999 2057 gra-

26 2065 98 2126 viter
113 2065 219 2129 illiciti.
238 2067 303 2127 ulia
317 2074 420 2129 tamen
439 2074 485 2127 est
497 2070 646 2128 sententia
660 2085 752 2148 quam
769 2067 999 2146 {trtilrabiliorenr

26 2158 51 2211 et
64 2153 94 2212 in
108 2155 194 2234 praxi
206 2155 334 2215 omnino
347 2154 534 2217 suadendam
547 2166 631 2217 vocat
646 2158 676 2216 S.
694 2156 815 2234 Lignor.
831 2161 856 2227 ¹;
876 2155 1001 2235 haecque

26 2241 151 2302 affirmat
163 2243 280 2304 dictum
291 2245 454 2322 conjugem
472 2243 619 2305 lethaliter
630 2261 754 2323 peccare
768 2263 773 2301 ε
791 2243 865 2303 ratio
876 2254 920 2303 est
931 2245 1000 2320 quia

28 2331 170 2411 conjuges
190 2351 252 2392 non
267 2331 378 2392 habent
390 2332 440 2410 jus
462 2351 515 2411 per
534 2352 566 2393 se
585 2335 614 2393 in
631 2332 789 2413 proprium
811 2349 932 2411 corpus,
948 2333 999 2391 sed

27 2426 141 2480 tantum
158 2427 189 2480 ul
211 2420 327 2499 possint
342 2438 374 2480 se
387 2418 549 2501 disponere
564 2421 601 2481 ad
620 2420 778 2499 copulan1;
795 2419 888 2491 unde,
908 2419 1001 2480 altero

30 2507 160 2578 absente,
186 2507 259 2588 ipsis
274 2526 336 2569 non
362 2508 432 2570 licet
455 2527 488 2570 se
510 2509 637 2590 turpiter
660 2515 785 2587 tangere
811 2528 817 2566 :
845 2526 881 2568 co
907 2509 1002 2589 magis

29 2597 105 2675 quod
120 2597 296 2675 hujusmodi
310 2602 407 2658 tactus
427 2597 657 2678 conjunguntur
677 2615 758 2677 saepe
776 2614 847 2657 curn
863 2597 1002 2678 proximo
1075 2588 1078 2595 ’

30 2684 203 2761 pollutionis
219 2684 366 2766 periculo.

65 2776 135 2835 305.
160 2773 283 2848 Quaerit,
302 2779 336 2835 30
351 2776 397 2833 An
420 2774 458 2834 sit
478 2775 612 2836 mortalis
637 2775 667 2835 in
694 2775 824 2855 conjuge
844 2773 1003 2837 delectatio

31 2879 146 2938 morosa
159 2864 197 2924 de
212 2863 322 2943 copula
338 2862 439 2924 habita
455 2863 500 2923 vel
515 2863 679 2925 habenda‘l

66 2954 156 3034 Resp.
181 2955 268 3014 Certe
294 2961 372 3013 esset
395 2951 530 3012 mortalis
552 2952 576 3013 si
604 2956 715 3030 conjux
740 2953 901 3015 obstrictus
926 2954 1015 3014 esset

31 3048 96 3103 vnto
119 3042 263 3103 castitatis
280 3061 287 3101 :
305 3042 380 3102 ratio
404 3046 496 3121 patet.
518 3045 666 3102 —Extra
690 3042 772 3104 hunc
796 3061 917 3114 casum,
943 3050 1004 3101 tres

32 3136 98 3191 suut
111 3130 270 3192 sententiae
286 3151 292 3190 :
309 3129 418 3195 Primo
441 3130 582 3204 affirmat,
607 3131 678 3210 quia
700 3130 768 3192 talis
780 3130 938 3192 delectatio
961 3138 1005 3189 est

32 3221 113 3297 quasi
128 3219 254 3300 pollutio
269 3218 418 3293 inchoata,
435 3238 504 3300 quae
516 3219 635 3299 sponsis
651 3238 711 3279 non
728 3220 795 3280 licet
807 3227 890 3280 extra
904 3226 1005 3279 actum

32 3309 230 3391 conjugalem.
245 3342 282 3354 -
293 3305 426 3370 Secundo
438 3309 632 3368 communior
643 3316 743 3386 negat,
760 3309 831 3387 quia
846 3305 1004 3367 delectatio

34 3414 115 3458 suam
141 3399 306 3460 bonitatem
332 3402 383 3456 aut
403 3396 548 3457 malitiam
571 3396 664 3457 sumit
688 3415 725 3457 ex
748 3397 887 3475 object03
915 3412 1005 3473 porro

33 3485 180 3568 objectum
205 3486 269 3568 (seu
286 3484 406 3566 copula)
426 3483 474 3547 est'
491 3485 676 3581 conjugibus.
687 3485 803 3545 licitum
820 3503 827 3543 :
844 3502 927 3562 ergo,
944 3490 1002 3542 etc.

64 3681 85 3731 l.
102 3683 172 3741 ibid,
186 3691 214 3730 n⁰
225 3680 281 3730 936.
