2378 4102
184 171 241 230 tat
505 187 542 232 nn
563 187 655 235 uanus
675 188 829 233 vnnuams.

181 302 322 365 accidens
335 306 366 363 et
377 307 487 384 praeter
500 321 587 366 suam
602 304 803 367 intentionem
817 304 876 366 hoo
889 305 999 366 evenit.
1016 308 1059 366 lta
1071 321 1147 366 eom·
1162 342 1171 361 .

181 391 343 454 muniter¹.
535 450 536 453 ,

219 480 395 544 Inserenda
415 481 581 564 hypothesi,
600 483 833 545 controvertitur
853 500 892 543 an
917 481 1028 544 mulier
1055 487 1148 562 peccet

180 569 330 632 lethaliter
348 570 392 632 sic
417 589 450 632 ae
476 571 657 633 retrahendo
678 570 745 632 sine
771 571 893 652 propria
920 571 1146 632 seminatione:

178 659 278 737 premo
293 660 441 720 sententia
451 659 677 740 affiruaat‚quia,
686 661 772 740 juxta
783 660 885 741 plures
896 658 1041 735 medicos,
1053 675 1146 719 semen

182 747 318 809 mulieris
336 754 382 809 est
406 749 627 823 necessarium,
643 755 684 826 et,
707 749 792 827 iuxta
814 766 933 820 omnes,
955 747 1063 808 saltem
1075 745 1147 806 valde

181 835 298 898 confert
320 837 412 917 prolis
437 836 625 917 perfectioni.
648 837 782 900 Secundo
803 837 952 898 sententia
965 834 1147 897 communior

182 932 291 1005 negat:
308 925 384 985 ratio
398 944 467 1005 quae
482 926 606 987 affertur
620 932 665 987 est
678 926 762 1007 quod
774 944 879 988 semen
895 924 1032 986 mulieris
1046 922 1145 985 nonsit

182 1015 386 1076 necessarium
402 1015 439 1075 ad
452 1015 692 1095 generationem,
709 1022 738 1077 et
751 1015 889 1096 quamvis
902 1015 931 1074 ei
945 1013 1019 1075 utile
1034 1013 1081 1085 sit,
1099 1009 1145 1070 dici

181 1110 279 1182 potest
305 1122 365 1164 non
388 1104 484 1164 teneri
505 1105 650 1185 conjuges
669 1103 705 1164 ad
729 1102 1010 1165 convenientiorem
1034 1100 1145 1162 niodum

181 1192 358 1271 generandi.
374 1193 436 1253 Etsi
450 1200 551 1254 antem
566 1193 612 1254 vir
623 1211 683 1254 non
698 1201 836 1254 teneatur
850 1197 1010 1272 expectare
1025 1187 1145 1250 mulieris

182 1282 412 1341 seminationem
424 1281 448 1341 si
462 1281 525 1359 ipse
536 1282 739 1353 seminaverit,
753 1288 850 1360 potest
864 1287 967 1361 tanren
982 1279 1144 1340 continuare

151 1425 153 1429 ,
182 1369 326 1448 copulam
351 1369 544 1450 usquedum
571 1369 683 1430 semina
698 1371 837 1441 seminet,
855 1369 927 1447 quia
951 1367 1010 1428 hoc
1033 1365 1145 1447 pertinet

182 1456 221 1518 ad
234 1457 494 1537 complementum
508 1459 637 1538 copulae.

224 1547 365 1616 Quamvis
383 1555 484 1608 autem
507 1546 573 1608 haec
592 1545 724 1608 secunda
739 1546 885 1607 sententia
900 1544 938 1605 sit
952 1544 1144 1613 communior,

184 1634 255 1711 quia
269 1645 367 1695 tanien
383 1636 479 1714 prima
492 1642 537 1695 est
551 1634 727 1715 probabilia,
744 1635 773 1695 in
786 1634 869 1714 praxi
880 1641 924 1695 est
934 1632 1076 1706 tenenda,
1087 1629 1145 1710 quia

185 1722 323 1783 illicitum
339 1730 385 1783 est.
400 1724 484 1803 sequi
502 1723 687 1804 probabilem
704 1722 883 1784 sententiam
899 1740 971 1782 cum
989 1721 1073 1801 gravi
1088 1719 1146 1798 pori·

184 1811 254 1872 outo
268 1811 372 1872 damni
383 1813 570 1892 tartiiprolis
584 1812 731 1874 videlicet.
748 1816 791 1874 lta
804 1813 835 1873 S.
849 1810 1045 1890 Lignor.,qui
1057 1808 1145 1870 addit:

190 1923 205 1959 o
226 1901 328 1980 ll'oqoe
354 1902 481 1981 practico
497 1902 652 1981 probabile
677 1909 750 1982 puto
773 1902 801 1962 id
815 1902 897 1981 quod
917 1901 1024 1962 dicunt
1038 1897 1145 1967 sanct,

190 2012 205 2048 o
226 1991 348 2069 Sporer,
365 1998 436 2067 etc,
459 1991 603 2051 nimirum
626 2009 712 2071 posse
729 1991 899 2064 mulierem,
916 1991 946 2049 in
967 1999 1036 2050 actu
1053 1987 1145 2057 coitus,

191 2101 206 2137 o
227 2078 365 2140 oninium
388 2078 426 2139 ad
441 2080 496 2139 alia
512 2079 672 2152 divertere,
690 2097 728 2138 ne
743 2080 911 2148 coricitetur
924 2077 962 2138 ad
985 2075 1146 2138 seminatio·

191 2189 205 2226 a
230 2187 310 2230 nem.
327 2191 341 2226 n

565 2327 602 2371 DE
622 2326 781 2372 ouautstto.

228 2437 298 2496 309.
321 2435 397 2511 Cum
410 2432 489 2493 hano
503 2431 702 2511 quaestionem
719 2431 887 2492 luculenter
899 2435 930 2498 et
951 2429 1045 2490 solide
1059 2432 1147 2486 tnrctd

190 2522 222 2583 P.
232 2523 327 2603 Gury,
343 2541 398 2583 sua
411 2521 492 2582 diota
503 2520 534 2580 in
548 2523 703 2600 integrum
718 2525 816 2580 nostra
829 2519 994 2592 iaciemus;
1008 2518 1146 2578 sicaniam

189 2611 279 2672 habet
293 2610 421 2672 eximius
435 2617 560 2672 auctor:

196 2760 199 2764 .
235 2722 250 2758 o
271 2700 455 2760 Ouanismus
479 2698 512 2759 in
535 2717 571 2760 eo
593 2699 728 2759 consistit
752 2696 902 2777 quodvir‚
920 2704 989 2775 post
1004 2695 1146 2774 inemptam

195 2810 210 2846 o
232 2790 384 2868 copulam,
397 2794 467 2848 ante
482 2787 715 2849 seminationem
731 2806 763 2847 se
776 2785 905 2846 retrabat
916 2791 945 2845 et
955 2802 1059 2845 semen
1071 2781 1148 2842 eil'un·

197 2900 212 2936 α
231 2876 282 2937 dat
305 2883 387 2937 extra
406 2895 457 2938 vas
482 2885 515 2938 ut
538 2878 766 2956 generationem
786 2874 939 2955 impediat.
958 2873 1089 2952 Quisque
1107 2885 1152 2948 perv

138 2958 140 2961 ’
196 2989 212 3025 a
232 2984 264 3027 se
287 2965 366 3027 videt
388 2964 526 3027 hooesse
548 2966 628 3046 turpi
650 2965 765 3026 libidini
789 2962 958 3043 indulgere,
980 2962 1053 3042 quin
1072 2975 1146 3020 onera

197 3077 213 3114 o
233 3054 419 3115 matrimonii
434 3054 650 3115 sustineantur.

238 3165 253 3201 o
274 3145 391 3204 Nomen
416 3141 540 3203 sortitur
565 3143 603 3204 ab
628 3143 724 3218 Onera
750 3139 884 3202 seeundo
907 3137 971 3199 filio
992 3134 1147 3213 patriarcba

199 3256 214 3292 o
235 3232 333 3307 tudae,
344 3230 562 3311 qni,deiuncto
575 3232 664 3293 tratre
679 3250 734 3293 suo
746 3232 817 3304 Her,
833 3227 952 3290 viduam
968 3227 1147 3304 ejnsTbanuo

199 3344 214 3380 o
230 3320 342 3382 ducere
356 3328 479 3381 coactus
492 3326 548 3391 est,
563 3321 646 3399 juxta
660 3322 769 3401 legem,
786 3327 818 3380 ut
832 3318 954 3379 suscitet
967 3335 1070 3378 seuseu
1082 3314 1146 3374 lratn

200 3432 215 3467 u
236 3427 308 3482 suo;
336 3406 386 3468 sed
406 3409 551 3468 introiens
567 3409 607 3470 od
622 3429 744 3470 uxorem
766 3407 877 3490 fratris
898 3406 958 3479 sai,
978 3425 1072 3467 semea
1090 3404 1147 3483 satr-

201 3518 216 3553 «
236 3495 321 3556 dedat
344 3497 377 3556 io
393 3505 514 3572 terrum,
539 3517 574 3558 oe
599 3497 688 3559 tiberi
705 3498 814 3579 fratris
835 3495 951 3556 onorico
966 3500 1146 3563 casamentum

231 3685 254 3734 1.
272 3687 298 3735 S.
314 3687 425 3751 bigone,
436 3688 493 3738 idid.
