2378 4102
184 115 244 182 aad
493 131 587 181 aarum
607 116 842 189 tnrnradrroum.

185 257 254 312 terio
268 257 335 313 oriri
346 256 477 328 obligatio
492 257 667 327 restituendi,
684 261 729 313 93.
744 257 785 313 444
799 256 866 328 quid
880 257 982 329 obliget
995 254 1137 314 adulterium

183 352 248 406 erga
266 338 411 408 conjugem
435 338 549 404 laesum,
565 340 608 391 94.
634 337 676 392 Ad
692 337 756 408 quid
779 337 888 392 adulter
902 344 1034 408 teneatur,
1048 335 1138 410 quande

183 422 291 473 constat
303 424 392 471 ortam
406 415 490 471 tuisse
504 417 608 488 prolem
623 432 657 471 ex
673 415 817 485 adulterio,
831 419 875 473 95.
889 417 929 470 Ad
944 418 1010 488 quid
1022 424 1137 481 teneatur,

183 495 205 548 si
219 493 360 551 dubitetur
378 512 413 550 an
429 496 519 567 proles
533 495 616 551 luerit
631 504 692 552 orta
712 512 745 550 er
760 494 908 564 adulterio,
921 499 970 565 96,
985 500 1027 552 97.
1049 494 1138 564 Quldsi

181 573 295 630 dubium
309 576 345 630 sit
359 577 431 631 inter
443 575 513 633 (44444
531 575 680 642 adulteros,
691 579 736 630 97.
761 574 893 642 Quaenam
915 576 971 630 sint
992 573 1139 632 restituenda

180 664 294 727 propter
306 655 480 721 adulterium,
488 657 530 710 98.
548 653 691 721 Quomodo
706 653 844 709 restitutio
858 654 894 708 sit
908 654 1031 710 facienda
1046 661 1139 728 propter

181 732 359 803 adulterium,
386 736 430 788 99.
461 734 604 802 Quomodo
632 733 771 788 restitutio
800 733 836 788 sit
864 733 989 788 facienda
1019 735 1052 789 ab
1075 731 1139 789 adul-

182 819 250 876 tera,
268 813 330 866 499.
352 817 394 869 An
414 813 487 869 filius
512 820 637 869 teneatur
652 812 764 868 credere
779 813 859 867 matri
881 813 1030 883 ipsummet
1049 813 1139 868 adulte
1165 831 1166 836 ¹

182 891 272 946 riuum
295 908 355 949 esse
373 893 516 962 asserenti,
533 894 595 958 494,
612 894 673 948 402.
694 893 800 962 Conjux
815 892 948 948 innocens
971 909 1026 949 non
1049 900 1137 950 tenetm

181 970 305 1028 adultero
320 971 443 1028 debiturn
459 971 582 1039 reddere,
598 967 660 1028 287.Ι

216 1069 356 1126 Adventus.
383 1073 424 1126 An
444 1070 480 1125 sit
503 1070 620 1125 vetitum
643 1069 683 1125 uti
705 1070 879 1126 matrimonio
905 1079 1029 1144 temporo
1043 1072 1137 1129 Adven-
1165 1049 1166 1052 Ἴ

182 1156 236 1217 tus,
252 1153 313 1206 284.

214 1236 313 1293 AEtott'e
331 1238 574 1311 impedimentum,
599 1237 773 1309 quandonam
794 1238 884 1294 locum
907 1239 1022 1308 habeat,
1038 1244 1093 1298 257.
1106 1244 1139 1295 tn

181 1319 267 1390 possit
288 1333 349 1374 esse
370 1317 592 1390 impedimentum
607 1334 641 1372 ex
661 1318 867 1395 jurenaturali,
890 1321 953 1375 258.
973 1321 994 1374 Α
1017 1338 1068 1393 quo
1081 1335 1138 1376 anno

130 1468 133 1473 Ι
181 1398 321 1453 triennalis
335 1397 503 1470 experientia
521 1397 645 1469 incipere
655 1396 762 1466 debeat,
779 1397 802 1452 si
822 1396 965 1454 dubitetur
982 1400 1017 1455 de
1036 1399 1140 1472 potentia

178 1478 326 1548 conjugum
351 1476 440 1532 adhuc
455 1476 629 1547 juvenilium,
642 1478 702 1533 258.
719 1477 891 1532 Matrimonia
911 1487 972 1534 rata
987 1480 1140 1553 impuberum

179 1557 271 1612 valent
293 1563 324 1612 ut
347 1557 493 1628 sponsalia,
505 1571 538 1610 ac
551 1554 679 1628 Episcopi
698 1562 815 1627 possunt
835 1556 977 1614 declarare
999 1575 1034 1614 an
1055 1558 1141 1614 malitia

182 1636 307 1711 suppleat
330 1645 453 1707 aetatem,
478 1638 539 1690 259.
570 1634 714 1704 Quomodo
745 1636 773 1691 in
800 1636 864 1708 iure
888 1637 1139 1711 civili'intelligatur

178 1715 268 1773 aetatis
279 1715 515 1788 impedimentum,
532 1717 592 1771 260.

213 1803 349 1880 difinitur.
370 1805 410 1859 En
434 1819 554 1877 quonam
566 1811 629 1859 actu
649 1805 756 1861 oriatur
764 1805 910 1873 ⁴affinitatis
929 1808 1138 1881 impedimentum

178 1890 206 1940 et
220 1900 362 1958 usquequo
376 1883 546 1950 extendatur,
564 1885 625 1940 236.

212 1975 315 2029 Amans.
341 1974 401 2027 Nou
417 1978 459 2028 est
480 1972 609 2042 obligatio
622 1971 753 2029 reddendi
765 1971 890 2031 debitum
901 1975 1046 2046 conjugale
1056 1990 1137 2033 amen·

178 2052 261 2118 tibus
279 2054 343 2111 287.

213 2143 362 2217 nuptam.
370 2143 401 2199 ll.
413 2141 548 2201 04444444.

211 2232 325 2289 Ancilla.
340 2233 372 2288 V.
392 2231 495 2287 Taeter.

213 2322 374 2395 Andrcppni.
391 2322 423 2377 V.
440 2320 636 2394 Hermaphrodi.

212 2412 392 2475 attendentes.
409 2411 505 2469 Peines
515 2410 625 2483 portees
635 2416 731 2465 contre
744 2425 802 2469 eun
811 2425 845 2464 en
857 2424 905 2469 cas
918 2407 954 2466 de
964 2410 1035 2479 vicl,
1047 2413 1088 2466 89.

212 2502 339 2574 depectus
359 2499 495 2572 impediet.
518 2497 697 2567 Quandouam
722 2497 778 2555 sint
804 2504 919 2569 peccata
945 2500 1136 2567 mortalia‚aut

178 2581 303 2651 venialia,
325 2582 388 2641 292.
403 2578 489 2647 Quale
508 2579 544 2635 sit
564 2585 709 2651 peccatum
731 2576 855 2649 aspicere
868 2577 1001 2634 obcoenas
1022 2580 1135 2652 pletum,

178 2664 240 2716 293.
256 2661 383 2731 Qualiter
394 2666 490 2733 peccet
504 2659 552 2735 qui
564 2658 665 2731 aspicit
679 2657 789 2733 propria
806 2656 935 2725 verenda,
948 2666 997 2715 aut
1011 2659 1136 2716 brutorum

178 2741 413 2810 commixtionem,
428 2741 489 2794 244.
503 2742 681 2810 Anaspectus
693 2734 749 2793 siut
758 2737 889 2802 mortales
898 2732 1135 2812 intercouugeesi

178 2836 234 2875 non
243 2819 403 2875 ordinentur
416 2819 451 2874 ad
464 2820 602 2891 copulam,
617 2819 679 2872 393.

212 2910 397 2967 avenionensis
408 2926 496 2965 444444.
510 2908 582 2977 Quid
596 2907 630 2963 de
644 2922 676 2962 eo
688 2904 922 2975 sitsentiendum,
938 2909 1001 2964 402.

212 3002 346 3057 Avertens.
362 3000 431 3071 lloy.
448 2996 535 3063 Fetus,
549 2995 739 3069 Embrpolepie,
752 2993 879 3067 Bcpttme.

210 3360 317 3418 Balnea.
337 3362 379 3415 An
394 3357 486 3414 statim
501 3372 523 3411 a·
534 3354 639 3410 balneis
658 3354 739 3408 liceat
752 3350 874 3406 debiturn
894 3351 1042 3422 conjugale
1061 3361 1135 3426 potem

174 3449 225 3495 aut
236 3439 359 3507 reddere,
376 3440 437 3494 274.

211 3556 338 3626 Baptana.
359 3554 555 3615 Observations
569 3568 617 3608 sur
631 3554 655 3608 le
672 3551 800 3624 bapttme
821 3549 870 3606 des
889 3555 1033 3621 avortonS,
1044 3561 1074 3609 et
1088 3549 1134 3628 pite

174 3634 375 3704 cautionsqu’il
384 3631 572 3709 lantpreudre
581 3631 651 3693 acet
661 3629 754 3701 dgard,
766 3633 828 3702 332,
836 3631 902 3701 ,334
914 3629 994 3691 Sion
1005 3641 1074 3705 pout
1087 3635 1137 3704 bap,-
