2384 4138
508 196 545 240 DE
566 197 657 242 REBUS
677 199 832 244 VENEREIS.

524 353 569 414 De
582 353 824 416 sollicitantibus.
858 387 860 391 ·

226 512 293 582 tar.
305 510 389 573 Circa
399 511 599 575 confessarios
611 505 847 587 sollicitantesad
861 514 972 595 turpia,
982 513 1154 588 dicendum,

184 600 207 660 i.
224 599 327 673 Quida
343 601 395 662 SS.
409 601 610 665 Pontificibus
624 601 712 664 fuerit
727 610 890 693 statutpm3
907 606 942 664 ll.
959 603 1041 675 Quid
1054 621 1156 685 nuper·

184 688 261 750 rime
273 689 408 750 docuerit
419 689 457 750 de
471 688 518 750 bis
543 692 687 752 Sanctum
708 691 864 769 Officium3
879 695 927 755 lll.
937 691 1156 754 Variorumdu-

186 775 709 856 biorumsolutionemadjiciemus.
931 773 932 779 '

223 867 246 925 l.
270 867 303 925 ln
316 865 379 943 jam
397 867 485 926 citata
504 867 719 928 constitutione
733 862 959 930 Sacramentum
979 868 1156 948 poenitentin

185 952 229 1014 sic
243 952 332 1014 habet
345 953 525 1016 Benedictus
539 953 606 1015 XlV
622 955 701 1016 circa
717 955 999 1037 nefariospraelatos
1009 955 1155 1034 consessa-

186 1041 263 1102 cios:
283 1064 298 1101 o
307 1041 428 1104 Dudum
441 1042 594 1123 quideme
607 1043 702 1105 felicis
714 1043 832 1106 record.
850 1047 975 1126 Gregor.
990 1048 1098 1119 XV...,
1110 1038 1155 1124 per

189 1151 205 1187 o
225 1149 295 1192 suas
313 1131 425 1193 litteras
446 1131 590 1192 informa
613 1132 791 1195 Brevium...
814 1137 854 1195 30
874 1153 945 1214 aug.
971 1137 1154 1208 1666,εᾶ-

190 1239 204 1275 «
225 1219 343 1298 pienter
368 1219 521 1298 provisum
548 1219 602 1280 luit
625 1226 730 1282 contra
755 1239 968 1302 quoscumque
994 1221 1154 1284 sacerdotes

183 1302 204 1364 'r
226 1307 385 1368 audiendis
404 1307 650 1370 confessionibus
668 1311 829 1389 deputatos
848 1310 886 1371 ed
905 1310 1005 1390 turpia
1023 1315 1053 1372 et
1075 1308 1152 1370 inho

189 1418 204 1452 r
226 1401 308 1456 nesta
320 1395 526 1470 sollicitantes,
543 1402 572 1456 et
586 1396 732 1477 deinceps
747 1399 923 1460 successivis
937 1397 1151 1478 temporibus...

189 1505 204 1540 o
226 1482 348 1562 plura„
372 1485 541 1562 aGongr...
563 1485 711 1547 Cardia...
737 1486 881 1547 adversus
900 1486 1074 1548 haereticam
1093 1504 1151 1566 pre-

108 1604 110 1609 ·
189 1594 204 1628 o
225 1573 345 1632 vitatem
356 1571 571 1651 Inquisitorum
586 1574 764 1653 prodierunt
775 1574 932 1635 decreta...
950 1577 1011 1636 Nos
1023 1577 1149 1654 itaque...

189 1683 204 1718 r
224 1660 326 1722 omnia
341 1666 371 1721 et
384 1660 502 1740 singula
514 1661 633 1723 decretu
643 1663 822 1743 praedicta...
837 1663 1043 1744 approbamus
1052 1670 1082 1724 et
1095 1680 1152 1724 oon·

189 1771 204 1806 o
225 1747 435 1825 firmamus..,
449 1754 711 1831 atquc,quateuus
725 1769 802 1830 opus
816 1750 863 1822 sit,
880 1751 982 1813 denno
992 1751 1151 1813 committi-

189 1859 204 1893 «
226 1855 295 1899 mus
317 1844 347 1898 et
368 1838 548 1899 mandamus
569 1839 712 1900 omnibus
734 1839 872 1900 locorum
898 1840 1105 1901 Ordinariis...
1129 1839 1152 1898 in

190 1947 205 1981 r
226 1927 288 1986 suis
302 1926 466 2007 respective
480 1925 673 2001 dioecesibus,
690 1936 725 1989 ut
740 1927 937 2007 diligenter...
955 1929 1110 2008 inquirant
1132 1933 1155 1987 et

189 2036 205 2070 o
226 2015 507 2093 procedantcontra
532 2033 640 2077 omnes
665 2021 693 2078 et
721 2016 858 2095 singulos
883 2017 1075 2090 sacerdotes,
1101 2024 1154 2076 tam

190 2127 204 2158 o
225 2103 383 2164 saeculares
401 2122 494 2184 quam
518 2104 688 2184 regulares,
709 2103 939 2184 quomodolibet
953 2111 1152 2185 exemptos...

189 2214 205 2249 o
224 2191 607 2272 quuscnmquedignitatis
621 2193 1154 2274 etpcaeeminentiae¹...,quialique1n

130 2348 132 2350 v
190 2303 205 2338 o
225 2279 432 2360 poenitentern,
457 2298 659 2361 quaecumque
681 2299 810 2361 persona
843 2280 895 2342 illa
924 2283 971 2354 sit,
987 2283 1033 2343 vel
1049 2282 1081 2342 in
1096 2288 1154 2342 actu

190 2391 205 2425 o
225 2369 450 2429 sacramentalis
470 2368 667 2430 confessionis
681 2373 703 2439 ²,
726 2368 772 2429 vel
789 2373 899 2443 ante,⁸
920 2369 967 2430 vel
988 2369 1154 2432 immediate

190 2479 205 2515 r
226 2455 540 2536 postconlessionem,
555 2456 602 2519 vel
616 2457 774 2518 occasione
789 2458 811 2532 ⁸,
823 2458 868 2519 vel
884 2463 1032 2538 praetextu
1047 2457 1153 2520 confes·

217 2688 239 2735 l.
258 2686 358 2750 ipsimet
370 2685 484 2751 Episcopi
499 2690 558 2736 sunt
569 2685 732 2736 denuntiandi
742 2689 767 2738 S.
781 2684 904 2746 Pontifici,
917 2700 993 2751 aquo
1006 2685 1062 2736 solo
1073 2681 1152 2749 puniri·

186 2763 299 2823 possunt.
318 2757 358 2821 (V.
369 2760 394 2807 S.
407 2757 519 2822 Liguor.,
533 2757 576 2807 lib.
587 2755 611 2818 6,
624 2766 651 2806 n⁰
663 2757 729 2819 685.)

215 2829 241 2877 i.
260 2829 378 2878 lismonte
391 2828 438 2877 luit
449 2828 479 2878 ab
493 2829 560 2879 Alex.
574 2827 602 2878 vl
614 2827 751 2893 propositio
764 2842 871 2893 sequens
884 2845 890 2878 :
904 2846 914 2875 r
927 2827 1107 2888 confessarius,
1119 2824 1153 2892 qui

186 2920 196 2945 ι
216 2899 241 2948 in
255 2900 426 2950 sacramentali
443 2899 600 2950 consessione
613 2898 698 2948 tribuit
713 2898 843 2964 poenitenti
857 2898 967 2948 chartam
981 2903 1067 2962 postea
1079 2899 1154 2962 legen·

187 2989 197 3017 r
216 2972 281 3030 dsm,
296 2971 381 3036 inqua
394 2972 425 3021 ad
439 2986 554 3022 venerem
568 2970 663 3031 incitat,
673 2985 723 3021 uon
736 2975 853 3020 censetur
862 2969 1012 3020 sollicitasse
1024 2970 1050 3019 in
1062 2969 1154 3021 coales-

188 3061 199 3088 o
217 3041 296 3092 sione.
312 3061 322 3089 n
337 3036 392 3093 lmo
411 3043 435 3091 in
453 3048 510 3099 actu
528 3041 691 3092 confessionis
710 3047 827 3091 censetur
840 3040 980 3091 sollictasse
996 3039 1153 3091 confessarius

186 3113 228 3178 qui
240 3113 358 3178 imposuit
374 3112 480 3171 ambert,
495 3118 523 3162 ut
537 3118 652 3175 expectet
663 3127 718 3163 cum
733 3111 810 3171 domi,
823 3111 861 3161 vel
878 3110 898 3160 si
910 3111 1049 3175 interroget
1060 3111 1103 3161 ubi
1113 3109 1153 3158 ba·

186 3183 255 3244 bitot,
270 3183 291 3232 si
310 3189 395 3248 postea
409 3182 477 3233 domi
488 3197 572 3233 revera
583 3198 637 3233 eam
650 3182 777 3234 sollicitet.
792 3184 826 3241 (S.
840 3181 951 3247 Lignor„
966 3182 1009 3230 lib.
1022 3181 1046 3240 6,
1057 3190 1085 3229 n⁰
1097 3178 1151 3237 676.)

216 3254 239 3302 3.
258 3254 310 3303 linc
328 3255 431 3304 verbum
452 3258 517 3314 ante,
537 3253 607 3319 juxta
620 3251 827 3313 communiorem,
841 3254 924 3303 stricte
943 3252 1049 3314 intelligi
1071 3251 1151 3306 achon

186 3324 229 3375 sed
242 3325 379 3375 notandum
392 3326 460 3391 quod
478 3326 508 3376 εἰ*
527 3325 685 3376 confessione
699 3325 810 3374 nondum
833 3324 932 3388 quidem
953 3323 1104 3386 incipienda,
1116 3318 1152 3372 scd

185 3402 267 3446 tamen
287 3397 372 3459 petita,
393 3395 559 3447 confessarius
577 3396 737 3464 poenitentem
754 3394 881 3455 sollicitet,
899 3394 947 3444 erit
967 3393 1151 3449 denuntiandus,

185 3482 215 3517 eo
224 3466 290 3532 quod
300 3468 427 3518 occasione
435 3467 594 3530 confessionis
602 3464 778 3518 sollicitaverit.
788 3464 822 3529 (S.
835 3465 899 3530 Lig„
909 3464 952 3524 ib,
967 3464 1053 3515 nislil'l
1066 3462 1151 3521 etlilti

216 3539 239 3586 l.
252 3536 287 3598 Si,
300 3538 397 3602 cognita
411 3554 454 3603 per
465 3539 647 3589 consessionem
658 3536 768 3587 mulieris
780 3535 921 3599 fragilitate,
930 3540 1016 3600 postea
1024 3534 1091 3585 domi
1100 3545 1152 3584 cou-

186 3602 302 3659 icssarius
326 3623 379 3658 eam
399 3610 525 3669 sollicitet,
551 3610 744 3659 controvertitur
767 3624 798 3660 an
819 3606 852 3656 sit
871 3613 931 3656 tunc
956 3605 1150 3659 denuntiandus:

185 3678 350 3730 affirmantem
359 3679 507 3731 sententiam
519 3679 712 3744 probabiliorem
724 3679 800 3731 habet
812 3678 838 3729 S.
848 3675 949 3741 liquor.
962 3675 1042 3742 (ibid),
1052 3692 1083 3729 eo
1094 3670 1150 3742 quod
