<?xml version="1.0" encoding="UTF-8"?>
<!DOCTYPE html PUBLIC "-//W3C//DTD XHTML 1.0 Transitional//EN"
    "http://www.w3.org/TR/xhtml1/DTD/xhtml1-transitional.dtd">
<html xmlns="http://www.w3.org/1999/xhtml" xml:lang="en" lang="en">
 <head>
  <title>
</title>
<meta http-equiv="Content-Type" content="text/html;charset=utf-8" />
  <meta name='ocr-system' content='tesseract 3.04.00' />
  <meta name='ocr-capabilities' content='ocr_page ocr_carea ocr_par ocr_line ocrx_word'/>
</head>
<body>
  <div class='ocr_page' id='page_1' title='image "./derebusvenereis00craigoog_0192.png"; bbox 0 0 2378 4102; ppageno 0'>
   <div class='ocr_carea' id='block_1_1' title="bbox 7 152 998 263">
    <p class='ocr_par' dir='ltr' id='par_1_1' title="bbox 7 146 998 263">
     <span class='ocr_line' id='line_1_1' title="bbox 7 152 998 263; baseline 0.008 -56"><span class='ocrx_word' id='word_1_1' title='bbox 7 160 9 263; x_wconf 71' lang='grc' dir='ltr'>ι</span> <span class='ocrx_word' id='word_1_2' title='bbox 300 159 490 210; x_wconf 77' lang='lat' dir='ltr'>orssrnrrrro</span> <span class='ocrx_word' id='word_1_3' title='bbox 511 162 543 209; x_wconf 91' lang='grc' dir='ltr'>ιι.</span> <span class='ocrx_word' id='word_1_4' title='bbox 570 162 662 210; x_wconf 70' lang='lat' dir='ltr'>aaron</span> <span class='ocrx_word' id='word_1_5' title='bbox 681 167 726 211; x_wconf 90' lang='grc' dir='ltr'>ιιι</span> <span class='ocrx_word' id='word_1_6' title='bbox 942 152 998 215; x_wconf 86' lang='lat' dir='ltr'>tot</span> 
     </span>
    </p>
   </div>
   <div class='ocr_carea' id='block_1_2' title="bbox 7 266 1044 2306">
    <p class='ocr_par' dir='ltr' id='par_1_2' title="bbox 7 266 1001 1686">
     <span class='ocr_line' id='line_1_2' title="bbox 7 266 1000 365; baseline 0.007 -25"><span class='ocrx_word' id='word_1_7' title='bbox 7 266 89 365; x_wconf 75' lang='lat' dir='ltr'>iouia</span> <span class='ocrx_word' id='word_1_8' title='bbox 116 288 192 341; x_wconf 87' lang='lat' dir='ltr'>tunc</span> <span class='ocrx_word' id='word_1_9' title='bbox 223 278 355 340; x_wconf 87' lang='lat' dir='ltr'>reddens</span> <span class='ocrx_word' id='word_1_10' title='bbox 380 290 561 360; x_wconf 68' lang='lat' dir='ltr'><strong>cooperatur</strong></span> <span class='ocrx_word' id='word_1_11' title='bbox 580 288 704 362; x_wconf 85' lang='lat' dir='ltr'>peccato</span> <span class='ocrx_word' id='word_1_12' title='bbox 723 281 845 345; x_wconf 85' lang='lat' dir='ltr'>atterius</span> <span class='ocrx_word' id='word_1_13' title='bbox 865 287 917 365; x_wconf 87' lang='lat' dir='ltr'>qui</span> <span class='ocrx_word' id='word_1_14' title='bbox 939 304 1000 347; x_wconf 90' lang='lat' dir='ltr'>non</span> 
     </span>
     <span class='ocr_line' id='line_1_3' title="bbox 7 367 1000 449; baseline 0.011 -23"><span class='ocrx_word' id='word_1_15' title='bbox 7 367 129 449; x_wconf 71' lang='lat' dir='ltr'>thabat</span> <span class='ocrx_word' id='word_1_16' title='bbox 119 388 170 447; x_wconf 83' lang='lat' dir='ltr'>Jus</span> <span class='ocrx_word' id='word_1_17' title='bbox 182 369 242 430; x_wconf 89' lang='lat' dir='ltr'>nisi</span> <span class='ocrx_word' id='word_1_18' title='bbox 263 369 301 429; x_wconf 89' lang='lat' dir='ltr'>ad</span> <span class='ocrx_word' id='word_1_19' title='bbox 318 368 434 431; x_wconf 84' lang='lat' dir='ltr'>licitum</span> <span class='ocrx_word' id='word_1_20' title='bbox 457 389 547 433; x_wconf 93' lang='lat' dir='ltr'>usum</span> <span class='ocrx_word' id='word_1_21' title='bbox 569 371 763 432; x_wconf 77' lang='lat' dir='ltr'>matrimonii</span> <span class='ocrx_word' id='word_1_22' title='bbox 783 373 854 434; x_wconf 76' lang='lat' dir='ltr'>liare</span> <span class='ocrx_word' id='word_1_23' title='bbox 868 376 1000 437; x_wconf 88' lang='lat' dir='ltr'>secunda</span> 
     </span>
     <span class='ocr_line' id='line_1_4' title="bbox 7 452 1000 542; baseline 0.01 -27"><span class='ocrx_word' id='word_1_24' title='bbox 7 452 167 519; x_wconf 73' lang='lat' dir='ltr'>{sententia</span> <span class='ocrx_word' id='word_1_25' title='bbox 184 466 219 519; x_wconf 91' lang='lat' dir='ltr'>ut</span> <span class='ocrx_word' id='word_1_26' title='bbox 242 458 407 537; x_wconf 81' lang='lat' dir='ltr'>probabitis</span> <span class='ocrx_word' id='word_1_27' title='bbox 436 459 594 521; x_wconf 85' lang='lat' dir='ltr'>habetura</span> <span class='ocrx_word' id='word_1_28' title='bbox 616 462 648 521; x_wconf 88' lang='lat' dir='ltr'>S.</span> <span class='ocrx_word' id='word_1_29' title='bbox 663 459 799 537; x_wconf 62' lang='lat' dir='ltr'>Liguor„</span> <span class='ocrx_word' id='word_1_30' title='bbox 829 464 881 542; x_wconf 83' lang='lat' dir='ltr'>qui</span> <span class='ocrx_word' id='word_1_31' title='bbox 899 472 1000 525; x_wconf 86' lang='lat' dir='ltr'>tameo</span> 
     </span>
     <span class='ocr_line' id='line_1_5' title="bbox 7 546 1001 627; baseline 0.007 -22"><span class='ocrx_word' id='word_1_32' title='bbox 7 554 9 601; x_wconf 88' lang='lat' dir='ltr'>t</span> <span class='ocrx_word' id='word_1_33' title='bbox 24 546 148 623; x_wconf 86' lang='lat' dir='ltr'>primam</span> <span class='ocrx_word' id='word_1_34' title='bbox 164 554 287 627; x_wconf 83' lang='lat' dir='ltr'>reputat</span> <span class='ocrx_word' id='word_1_35' title='bbox 296 547 531 627; x_wconf 77' lang='lat' dir='ltr'>probabrtrorem</span> <span class='ocrx_word' id='word_1_36' title='bbox 545 549 651 608; x_wconf 87' lang='lat' dir='ltr'>saitem</span> <span class='ocrx_word' id='word_1_37' title='bbox 674 551 841 611; x_wconf 82' lang='lat' dir='ltr'>extrinsece</span> <span class='ocrx_word' id='word_1_38' title='bbox 852 551 914 611; x_wconf 92' lang='lat' dir='ltr'>ob</span> <span class='ocrx_word' id='word_1_39' title='bbox 907 570 1001 614; x_wconf 90' lang='lat' dir='ltr'>mnu-</span> 
     </span>
     <span class='ocr_line' id='line_1_6' title="bbox 7 630 1000 719; baseline 0.009 -26"><span class='ocrx_word' id='word_1_40' title='bbox 7 620 118 705; x_wconf 77' lang='lat' dir='ltr'>{meros</span> <span class='ocrx_word' id='word_1_41' title='bbox 137 642 278 707; x_wconf 81' lang='lat' dir='ltr'>auctores</span> <span class='ocrx_word' id='word_1_42' title='bbox 290 634 330 695; x_wconf 89' lang='lat' dir='ltr'>ita</span> <span class='ocrx_word' id='word_1_43' title='bbox 344 635 519 709; x_wconf 70' lang='lat' dir='ltr'>sentientes,</span> <span class='ocrx_word' id='word_1_44' title='bbox 531 644 560 696; x_wconf 88' lang='lat' dir='ltr'>et</span> <span class='ocrx_word' id='word_1_45' title='bbox 572 637 676 696; x_wconf 91' lang='lat' dir='ltr'>nititur</span> <span class='ocrx_word' id='word_1_46' title='bbox 692 636 750 699; x_wconf 87' lang='lat' dir='ltr'>hac</span> <span class='ocrx_word' id='word_1_47' title='bbox 773 640 901 706; x_wconf 85' lang='lat' dir='ltr'>ratione,</span> <span class='ocrx_word' id='word_1_48' title='bbox 917 643 1000 719; x_wconf 84' lang='lat' dir='ltr'>quod</span> 
     </span>
     <span class='ocr_line' id='line_1_7' title="bbox 7 722 1001 807; baseline 0.009 -27"><span class='ocrx_word' id='word_1_49' title='bbox 7 750 9 791; x_wconf 49' lang='lat' dir='ltr'><strong><em>g</em></strong></span> <span class='ocrx_word' id='word_1_50' title='bbox 7 722 180 784; x_wconf 76' lang='lat' dir='ltr'>obstrictus</span> <span class='ocrx_word' id='word_1_51' title='bbox 215 729 285 784; x_wconf 85' lang='lat' dir='ltr'>roto</span> <span class='ocrx_word' id='word_1_52' title='bbox 319 724 428 784; x_wconf 86' lang='lat' dir='ltr'>retinet</span> <span class='ocrx_word' id='word_1_53' title='bbox 460 726 509 801; x_wconf 79' lang='lat' dir='ltr'>Jus</span> <span class='ocrx_word' id='word_1_54' title='bbox 536 723 575 784; x_wconf 88' lang='lat' dir='ltr'>ad</span> <span class='ocrx_word' id='word_1_55' title='bbox 598 727 785 804; x_wconf 84' lang='lat' dir='ltr'>·‚petendum</span> <span class='ocrx_word' id='word_1_56' title='bbox 813 746 849 789; x_wconf 87' lang='lat' dir='ltr'>ao</span> <span class='ocrx_word' id='word_1_57' title='bbox 874 729 1001 807; x_wconf 84' lang='lat' dir='ltr'>proinde</span> 
     </span>
     <span class='ocr_line' id='line_1_8' title="bbox 7 810 1001 892; baseline 0.008 -22"><span class='ocrx_word' id='word_1_58' title='bbox 7 810 37 853; x_wconf 64' lang='grc' dir='ltr'><strong>ἲ</strong></span> <span class='ocrx_word' id='word_1_59' title='bbox 24 831 161 892; x_wconf 75' lang='lat' dir='ltr'>comparo</span> <span class='ocrx_word' id='word_1_60' title='bbox 172 818 295 872; x_wconf 87' lang='lat' dir='ltr'>tenetur</span> <span class='ocrx_word' id='word_1_61' title='bbox 307 813 350 872; x_wconf 89' lang='lat' dir='ltr'>itii</span> <span class='ocrx_word' id='word_1_62' title='bbox 362 811 502 885; x_wconf 85' lang='lat' dir='ltr'>reddere,</span> <span class='ocrx_word' id='word_1_63' title='bbox 525 813 604 873; x_wconf 84' lang='lat' dir='ltr'>sicut</span> <span class='ocrx_word' id='word_1_64' title='bbox 613 812 732 874; x_wconf 83' lang='lat' dir='ltr'>debitor</span> <span class='ocrx_word' id='word_1_65' title='bbox 744 821 898 878; x_wconf 87' lang='lat' dir='ltr'>teneretur</span> <span class='ocrx_word' id='word_1_66' title='bbox 912 818 1001 878; x_wconf 91' lang='lat' dir='ltr'>resti·</span> 
     </span>
     <span class='ocr_line' id='line_1_9' title="bbox 7 901 999 982; baseline 0.009 -24"><span class='ocrx_word' id='word_1_67' title='bbox 7 908 103 969; x_wconf 67' lang='lat' dir='ltr'>{tuere</span> <span class='ocrx_word' id='word_1_68' title='bbox 118 901 259 961; x_wconf 82' lang='lat' dir='ltr'>creditori</span> <span class='ocrx_word' id='word_1_69' title='bbox 277 918 366 961; x_wconf 88' lang='lat' dir='ltr'>suum</span> <span class='ocrx_word' id='word_1_70' title='bbox 386 901 438 980; x_wconf 88' lang='lat' dir='ltr'>jus</span> <span class='ocrx_word' id='word_1_71' title='bbox 456 904 650 980; x_wconf 84' lang='lat' dir='ltr'>prosequenti</span> <span class='ocrx_word' id='word_1_72' title='bbox 669 904 808 982; x_wconf 80' lang='lat' dir='ltr'>quanrvis</span> <span class='ocrx_word' id='word_1_73' title='bbox 831 905 999 967; x_wconf 82' lang='lat' dir='ltr'>istevotum</span> 
     </span>
     <span class='ocr_line' id='line_1_10' title="bbox 23 987 1000 1073; baseline 0.009 -27"><span class='ocrx_word' id='word_1_74' title='bbox 23 991 172 1049; x_wconf 78' lang='lat' dir='ltr'>arrisisset</span> <span class='ocrx_word' id='word_1_75' title='bbox 198 987 272 1050; x_wconf 84' lang='lat' dir='ltr'>iilud</span> <span class='ocrx_word' id='word_1_76' title='bbox 303 1008 365 1049; x_wconf 90' lang='lat' dir='ltr'>nou</span> <span class='ocrx_word' id='word_1_77' title='bbox 390 988 542 1068; x_wconf 82' lang='lat' dir='ltr'>exigendi.</span> <span class='ocrx_word' id='word_1_78' title='bbox 559 1023 597 1035; x_wconf 94' lang='lat'><em>-</em></span> <span class='ocrx_word' id='word_1_79' title='bbox 622 993 683 1050; x_wconf 81' lang='lat' dir='ltr'>Nec</span> <span class='ocrx_word' id='word_1_80' title='bbox 705 992 764 1051; x_wconf 89' lang='lat' dir='ltr'>dici</span> <span class='ocrx_word' id='word_1_81' title='bbox 792 998 890 1070; x_wconf 90' lang='lat' dir='ltr'>potest</span> <span class='ocrx_word' id='word_1_82' title='bbox 916 995 1000 1073; x_wconf 82' lang='lat' dir='ltr'>quod</span> 
     </span>
     <span class='ocr_line' id='line_1_11' title="bbox 23 1078 1000 1158; baseline 0.007 -23"><span class='ocrx_word' id='word_1_83' title='bbox 23 1078 150 1138; x_wconf 88' lang='lat' dir='ltr'>reddens</span> <span class='ocrx_word' id='word_1_84' title='bbox 176 1085 357 1156; x_wconf 81' lang='lat' dir='ltr'>cooperetur</span> <span class='ocrx_word' id='word_1_85' title='bbox 382 1083 506 1158; x_wconf 86' lang='lat' dir='ltr'>peccato</span> <span class='ocrx_word' id='word_1_86' title='bbox 531 1078 631 1139; x_wconf 86' lang='lat' dir='ltr'>itticite</span> <span class='ocrx_word' id='word_1_87' title='bbox 657 1079 799 1158; x_wconf 84' lang='lat' dir='ltr'>petentis,</span> <span class='ocrx_word' id='word_1_88' title='bbox 825 1098 897 1140; x_wconf 92' lang='lat' dir='ltr'>cum</span> <span class='ocrx_word' id='word_1_89' title='bbox 925 1081 1000 1142; x_wconf 88' lang='lat' dir='ltr'>ittud</span> 
     </span>
     <span class='ocr_line' id='line_1_12' title="bbox 24 1163 1000 1246; baseline 0.007 -23"><span class='ocrx_word' id='word_1_90' title='bbox 24 1174 151 1246; x_wconf 83' lang='lat' dir='ltr'>nequeat</span> <span class='ocrx_word' id='word_1_91' title='bbox 175 1166 241 1245; x_wconf 91' lang='lat' dir='ltr'>ipse</span> <span class='ocrx_word' id='word_1_92' title='bbox 257 1163 418 1245; x_wconf 85' lang='lat' dir='ltr'>impedire,</span> <span class='ocrx_word' id='word_1_93' title='bbox 434 1173 463 1225; x_wconf 89' lang='lat' dir='ltr'>et</span> <span class='ocrx_word' id='word_1_94' title='bbox 483 1171 585 1227; x_wconf 87' lang='lat' dir='ltr'>actum</span> <span class='ocrx_word' id='word_1_95' title='bbox 607 1167 736 1237; x_wconf 85' lang='lat' dir='ltr'>licitum,</span> <span class='ocrx_word' id='word_1_96' title='bbox 753 1165 814 1227; x_wconf 86' lang='lat' dir='ltr'>iuro</span> <span class='ocrx_word' id='word_1_97' title='bbox 828 1185 863 1227; x_wconf 89' lang='grc' dir='ltr'>ιιι</span> <span class='ocrx_word' id='word_1_98' title='bbox 884 1169 1000 1246; x_wconf 83' lang='lat' dir='ltr'>justitia</span> 
     </span>
     <span class='ocr_line' id='line_1_13' title="bbox 24 1253 999 1318; baseline 0.007 -7"><span class='ocrx_word' id='word_1_99' title='bbox 24 1253 155 1315; x_wconf 80' lang='lat' dir='ltr'>detritum</span> <span class='ocrx_word' id='word_1_100' title='bbox 181 1254 282 1314; x_wconf 80' lang='lat' dir='ltr'>saciat.</span> <span class='ocrx_word' id='word_1_101' title='bbox 309 1286 347 1298; x_wconf 95' lang='lat'><em>-</em></span> <span class='ocrx_word' id='word_1_102' title='bbox 372 1257 506 1315; x_wconf 83' lang='lat' dir='ltr'>Tenetur</span> <span class='ocrx_word' id='word_1_103' title='bbox 532 1260 634 1314; x_wconf 86' lang='lat' dir='ltr'>tomen</span> <span class='ocrx_word' id='word_1_104' title='bbox 658 1254 788 1314; x_wconf 85' lang='lat' dir='ltr'>reddens</span> <span class='ocrx_word' id='word_1_105' title='bbox 815 1255 845 1315; x_wconf 93' lang='lat' dir='ltr'>in</span> <span class='ocrx_word' id='word_1_106' title='bbox 869 1274 941 1316; x_wconf 88' lang='lat' dir='ltr'>casu</span> <span class='ocrx_word' id='word_1_107' title='bbox 962 1275 999 1318; x_wconf 86' lang='lat' dir='ltr'>ex</span> 
     </span>
     <span class='ocr_line' id='line_1_14' title="bbox 24 1342 999 1422; baseline 0.006 -22"><span class='ocrx_word' id='word_1_108' title='bbox 24 1342 164 1404; x_wconf 80' lang='lat' dir='ltr'>charitate</span> <span class='ocrx_word' id='word_1_109' title='bbox 175 1360 303 1404; x_wconf 89' lang='lat' dir='ltr'>monere</span> <span class='ocrx_word' id='word_1_110' title='bbox 311 1342 436 1421; x_wconf 77' lang='lat' dir='ltr'>ligatum</span> <span class='ocrx_word' id='word_1_111' title='bbox 454 1348 523 1402; x_wconf 87' lang='lat' dir='ltr'>voto</span> <span class='ocrx_word' id='word_1_112' title='bbox 537 1350 570 1402; x_wconf 92' lang='lat' dir='ltr'>ut</span> <span class='ocrx_word' id='word_1_113' title='bbox 582 1361 599 1403; x_wconf 88' lang='lat' dir='ltr'>a</span> <span class='ocrx_word' id='word_1_114' title='bbox 614 1343 757 1422; x_wconf 90' lang='lat' dir='ltr'>petitione</span> <span class='ocrx_word' id='word_1_115' title='bbox 765 1343 898 1417; x_wconf 86' lang='lat' dir='ltr'>desistat,</span> <span class='ocrx_word' id='word_1_116' title='bbox 908 1345 999 1406; x_wconf 90' lang='lat' dir='ltr'>modo</span> 
     </span>
     <span class='ocr_line' id='line_1_15' title="bbox 25 1429 1001 1512; baseline 0.008 -25"><span class='ocrx_word' id='word_1_117' title='bbox 25 1429 49 1489; x_wconf 89' lang='lat' dir='ltr'>id</span> <span class='ocrx_word' id='word_1_118' title='bbox 65 1431 130 1491; x_wconf 88' lang='lat' dir='ltr'>tieri</span> <span class='ocrx_word' id='word_1_119' title='bbox 144 1432 240 1509; x_wconf 83' lang='lat' dir='ltr'>possit</span> <span class='ocrx_word' id='word_1_120' title='bbox 256 1430 371 1511; x_wconf 84' lang='lat' dir='ltr'>absque</span> <span class='ocrx_word' id='word_1_121' title='bbox 400 1449 512 1510; x_wconf 82' lang='lat' dir='ltr'>magno</span> <span class='ocrx_word' id='word_1_122' title='bbox 535 1430 740 1493; x_wconf 87' lang='lat' dir='ltr'>incommodo.</span> <span class='ocrx_word' id='word_1_123' title='bbox 757 1468 796 1476; x_wconf 87' lang='lat'><em>-</em></span> <span class='ocrx_word' id='word_1_124' title='bbox 811 1431 918 1493; x_wconf 87' lang='lat' dir='ltr'>Metius</span> <span class='ocrx_word' id='word_1_125' title='bbox 931 1441 1001 1512; x_wconf 82' lang='lat' dir='ltr'>aget</span> 
     </span>
     <span class='ocr_line' id='line_1_16' title="bbox 26 1518 1000 1600; baseline 0.006 -24"><span class='ocrx_word' id='word_1_126' title='bbox 26 1525 93 1580; x_wconf 89' lang='lat' dir='ltr'>tunc</span> <span class='ocrx_word' id='word_1_127' title='bbox 107 1519 240 1580; x_wconf 87' lang='lat' dir='ltr'>reddens</span> <span class='ocrx_word' id='word_1_128' title='bbox 254 1519 279 1579; x_wconf 93' lang='lat' dir='ltr'>si</span> <span class='ocrx_word' id='word_1_129' title='bbox 292 1518 355 1600; x_wconf 92' lang='lat' dir='ltr'>ipse</span> <span class='ocrx_word' id='word_1_130' title='bbox 378 1519 509 1599; x_wconf 91' lang='lat' dir='ltr'>petendo</span> <span class='ocrx_word' id='word_1_131' title='bbox 522 1520 683 1598; x_wconf 78' lang='lat' dir='ltr'>praeveniat</span> <span class='ocrx_word' id='word_1_132' title='bbox 695 1540 702 1589; x_wconf 89' lang='lat'>;</span> <span class='ocrx_word' id='word_1_133' title='bbox 728 1520 781 1581; x_wconf 89' lang='lat' dir='ltr'>sed</span> <span class='ocrx_word' id='word_1_134' title='bbox 802 1539 869 1583; x_wconf 91' lang='lat' dir='ltr'>raro</span> <span class='ocrx_word' id='word_1_135' title='bbox 890 1539 1000 1583; x_wconf 82' lang='lat' dir='ltr'>uxores</span> 
     </span>
     <span class='ocr_line' id='line_1_17' title="bbox 25 1607 687 1686; baseline 0.002 -22"><span class='ocrx_word' id='word_1_136' title='bbox 25 1607 128 1669; x_wconf 89' lang='lat' dir='ltr'>adhoc</span> <span class='ocrx_word' id='word_1_137' title='bbox 144 1613 288 1668; x_wconf 90' lang='lat' dir='ltr'>tenentur</span> <span class='ocrx_word' id='word_1_138' title='bbox 303 1612 426 1686; x_wconf 86' lang='lat' dir='ltr'>propter</span> <span class='ocrx_word' id='word_1_139' title='bbox 436 1607 652 1668; x_wconf 84' lang='lat' dir='ltr'>verecundiam</span> <span class='ocrx_word' id='word_1_140' title='bbox 666 1611 687 1665; x_wconf 93' lang='lat'>¹.</span> 
     </span>
    </p>

    <p class='ocr_par' dir='ltr' id='par_1_3' title="bbox 25 1697 1044 1864">
     <span class='ocr_line' id='line_1_18' title="bbox 59 1697 1044 1778; baseline 0.003 -22"><span class='ocrx_word' id='word_1_141' title='bbox 59 1699 138 1758; x_wconf 84' lang='lat' dir='ltr'>Casu</span> <span class='ocrx_word' id='word_1_142' title='bbox 153 1703 256 1758; x_wconf 84' lang='lat' dir='ltr'>autem</span> <span class='ocrx_word' id='word_1_143' title='bbox 269 1713 331 1776; x_wconf 93' lang='lat' dir='ltr'>quo</span> <span class='ocrx_word' id='word_1_144' title='bbox 346 1714 457 1756; x_wconf 81' lang='lat' dir='ltr'>vorens</span> <span class='ocrx_word' id='word_1_145' title='bbox 471 1714 611 1776; x_wconf 85' lang='lat' dir='ltr'>expresse</span> <span class='ocrx_word' id='word_1_146' title='bbox 625 1714 716 1757; x_wconf 90' lang='lat' dir='ltr'>suum</span> <span class='ocrx_word' id='word_1_147' title='bbox 728 1697 779 1774; x_wconf 88' lang='lat' dir='ltr'>jus</span> <span class='ocrx_word' id='word_1_148' title='bbox 796 1698 916 1778; x_wconf 90' lang='lat' dir='ltr'>petendi</span> <span class='ocrx_word' id='word_1_149' title='bbox 931 1717 997 1759; x_wconf 91' lang='lat' dir='ltr'>ces·</span> <span class='ocrx_word' id='word_1_150' title='bbox 1040 1730 1044 1737; x_wconf 91' lang='lat'><strong>·</strong></span> 
     </span>
     <span class='ocr_line' id='line_1_19' title="bbox 25 1784 802 1864; baseline 0.005 -21"><span class='ocrx_word' id='word_1_151' title='bbox 25 1784 107 1844; x_wconf 88' lang='lat' dir='ltr'>sisset</span> <span class='ocrx_word' id='word_1_152' title='bbox 120 1784 218 1853; x_wconf 86' lang='lat' dir='ltr'>atteri,</span> <span class='ocrx_word' id='word_1_153' title='bbox 233 1785 311 1844; x_wconf 86' lang='lat' dir='ltr'>ticite</span> <span class='ocrx_word' id='word_1_154' title='bbox 326 1786 382 1843; x_wconf 90' lang='lat' dir='ltr'>iste</span> <span class='ocrx_word' id='word_1_155' title='bbox 398 1793 497 1864; x_wconf 85' lang='lat' dir='ltr'>posset</span> <span class='ocrx_word' id='word_1_156' title='bbox 512 1802 641 1845; x_wconf 88' lang='lat' dir='ltr'>renuere</span> <span class='ocrx_word' id='word_1_157' title='bbox 655 1784 802 1847; x_wconf 87' lang='lat' dir='ltr'>debitum.</span> 
     </span>
    </p>

    <p class='ocr_par' dir='ltr' id='par_1_4' title="bbox 25 1873 1001 2306">
     <span class='ocr_line' id='line_1_20' title="bbox 65 1873 1001 1954; baseline 0.007 -25"><span class='ocrx_word' id='word_1_158' title='bbox 65 1897 79 1930; x_wconf 75' lang='grc' dir='ltr'>ι</span> <span class='ocrx_word' id='word_1_159' title='bbox 101 1873 131 1934; x_wconf 93' lang='lat' dir='ltr'>Si</span> <span class='ocrx_word' id='word_1_160' title='bbox 152 1892 224 1934; x_wconf 81' lang='lat' dir='ltr'>vero</span> <span class='ocrx_word' id='word_1_161' title='bbox 244 1880 325 1953; x_wconf 81' lang='lat' dir='ltr'>petat</span> <span class='ocrx_word' id='word_1_162' title='bbox 338 1875 449 1950; x_wconf 83' lang='lat' dir='ltr'>conjux</span> <span class='ocrx_word' id='word_1_163' title='bbox 465 1873 665 1947; x_wconf 82' lang='lat' dir='ltr'>incestuosus,</span> <span class='ocrx_word' id='word_1_164' title='bbox 688 1873 792 1952; x_wconf 81' lang='lat' dir='ltr'>qui...</span> <span class='ocrx_word' id='word_1_165' title='bbox 810 1875 942 1954; x_wconf 81' lang='lat' dir='ltr'>privatus</span> <span class='ocrx_word' id='word_1_166' title='bbox 955 1884 1001 1937; x_wconf 90' lang='lat' dir='ltr'>est</span> 
     </span>
     <span class='ocr_line' id='line_1_21' title="bbox 29 1961 997 2042; baseline 0.002 -20"><span class='ocrx_word' id='word_1_167' title='bbox 29 1983 41 2016; x_wconf 79' lang='lat' dir='ltr'>a</span> <span class='ocrx_word' id='word_1_168' title='bbox 57 1962 126 2039; x_wconf 87' lang='lat' dir='ltr'>jure</span> <span class='ocrx_word' id='word_1_169' title='bbox 139 1962 274 2042; x_wconf 80' lang='lat' dir='ltr'>petendi,</span> <span class='ocrx_word' id='word_1_170' title='bbox 291 1962 365 2021; x_wconf 89' lang='lat' dir='ltr'>atter</span> <span class='ocrx_word' id='word_1_171' title='bbox 382 1979 443 2020; x_wconf 91' lang='lat' dir='ltr'>non</span> <span class='ocrx_word' id='word_1_172' title='bbox 459 1971 578 2021; x_wconf 90' lang='lat' dir='ltr'>tenetur</span> <span class='ocrx_word' id='word_1_173' title='bbox 592 1961 728 2041; x_wconf 84' lang='lat' dir='ltr'>quidem,</span> <span class='ocrx_word' id='word_1_174' title='bbox 742 1962 794 2023; x_wconf 91' lang='lat' dir='ltr'>sed</span> <span class='ocrx_word' id='word_1_175' title='bbox 808 1963 884 2023; x_wconf 86' lang='lat' dir='ltr'>bene</span> <span class='ocrx_word' id='word_1_176' title='bbox 901 1971 997 2042; x_wconf 90' lang='lat' dir='ltr'>potest</span> 
     </span>
     <span class='ocr_line' id='line_1_22' title="bbox 28 2050 999 2131; baseline 0.008 -27"><span class='ocrx_word' id='word_1_177' title='bbox 28 2071 41 2105; x_wconf 81' lang='grc' dir='ltr'>(ι</span> <span class='ocrx_word' id='word_1_178' title='bbox 61 2053 87 2110; x_wconf 93' lang='lat' dir='ltr'>ei</span> <span class='ocrx_word' id='word_1_179' title='bbox 104 2051 242 2125; x_wconf 82' lang='lat' dir='ltr'>reddere,</span> <span class='ocrx_word' id='word_1_180' title='bbox 258 2068 329 2110; x_wconf 88' lang='lat' dir='ltr'>cum</span> <span class='ocrx_word' id='word_1_181' title='bbox 346 2050 400 2129; x_wconf 91' lang='lat' dir='ltr'>ipsi</span> <span class='ocrx_word' id='word_1_182' title='bbox 425 2068 545 2129; x_wconf 90' lang='lat' dir='ltr'>semper</span> <span class='ocrx_word' id='word_1_183' title='bbox 564 2058 715 2129; x_wconf 80' lang='lat' dir='ltr'>corripetat</span> <span class='ocrx_word' id='word_1_184' title='bbox 727 2051 777 2130; x_wconf 89' lang='lat' dir='ltr'>jus</span> <span class='ocrx_word' id='word_1_185' title='bbox 797 2057 859 2111; x_wconf 86' lang='lat' dir='ltr'>tam</span> <span class='ocrx_word' id='word_1_186' title='bbox 877 2052 999 2131; x_wconf 89' lang='lat' dir='ltr'>petendi</span> 
     </span>
     <span class='ocr_line' id='line_1_23' title="bbox 29 2138 998 2218; baseline 0.001 -19"><span class='ocrx_word' id='word_1_187' title='bbox 29 2159 41 2192; x_wconf 79' lang='lat' dir='ltr'>a</span> <span class='ocrx_word' id='word_1_188' title='bbox 60 2149 154 2218; x_wconf 84' lang='lat' dir='ltr'>qu&#39;am</span> <span class='ocrx_word' id='word_1_189' title='bbox 170 2139 316 2200; x_wconf 85' lang='lat' dir='ltr'>reddendi</span> <span class='ocrx_word' id='word_1_190' title='bbox 326 2141 347 2198; x_wconf 84' lang='lat'>².</span> <span class='ocrx_word' id='word_1_191' title='bbox 363 2160 378 2194; x_wconf 82' lang='lat' dir='ltr'>n</span> <span class='ocrx_word' id='word_1_192' title='bbox 400 2140 439 2198; x_wconf 89' lang='lat' dir='ltr'>tta</span> <span class='ocrx_word' id='word_1_193' title='bbox 451 2138 646 2199; x_wconf 91' lang='lat' dir='ltr'>communius</span> <span class='ocrx_word' id='word_1_194' title='bbox 660 2145 688 2199; x_wconf 90' lang='lat' dir='ltr'>et</span> <span class='ocrx_word' id='word_1_195' title='bbox 704 2139 888 2218; x_wconf 84' lang='lat' dir='ltr'>probabitius</span> <span class='ocrx_word' id='word_1_196' title='bbox 903 2160 909 2198; x_wconf 89' lang='lat'><strong>:</strong></span> <span class='ocrx_word' id='word_1_197' title='bbox 927 2157 998 2200; x_wconf 88' lang='lat' dir='ltr'>nam</span> 
     </span>
     <span class='ocr_line' id='line_1_24' title="bbox 25 2227 946 2306; baseline 0.003 -21"><span class='ocrx_word' id='word_1_198' title='bbox 25 2227 85 2288; x_wconf 86' lang='lat' dir='ltr'>atiae</span> <span class='ocrx_word' id='word_1_199' title='bbox 101 2237 172 2289; x_wconf 89' lang='lat' dir='ltr'>sunt</span> <span class='ocrx_word' id='word_1_200' title='bbox 186 2227 352 2295; x_wconf 81' lang='lat' dir='ltr'>sententiae,</span> <span class='ocrx_word' id='word_1_201' title='bbox 371 2234 405 2286; x_wconf 90' lang='lat' dir='ltr'>ut</span> <span class='ocrx_word' id='word_1_202' title='bbox 420 2227 510 2288; x_wconf 88' lang='lat' dir='ltr'>videri</span> <span class='ocrx_word' id='word_1_203' title='bbox 524 2235 633 2306; x_wconf 80' lang='lat' dir='ltr'>potest,</span> <span class='ocrx_word' id='word_1_204' title='bbox 649 2227 731 2306; x_wconf 87' lang='lat' dir='ltr'>apud</span> <span class='ocrx_word' id='word_1_205' title='bbox 743 2228 773 2287; x_wconf 93' lang='lat' dir='ltr'>S.</span> <span class='ocrx_word' id='word_1_206' title='bbox 790 2228 913 2306; x_wconf 83' lang='lat' dir='ltr'>Lignor.</span> <span class='ocrx_word' id='word_1_207' title='bbox 924 2229 946 2288; x_wconf 82' lang='lat'>³.</span> 
     </span>
    </p>
   </div>
   <div class='ocr_carea' id='block_1_3' title="bbox 25 2331 1062 3391">
    <p class='ocr_par' dir='ltr' id='par_1_5' title="bbox 25 2331 1062 3391">
     <span class='ocr_line' id='line_1_25' title="bbox 61 2331 997 2412; baseline 0.001 -18"><span class='ocrx_word' id='word_1_208' title='bbox 61 2337 130 2395; x_wconf 73' lang='lat'>298.</span> <span class='ocrx_word' id='word_1_209' title='bbox 154 2336 188 2395; x_wconf 92' lang='lat' dir='ltr'>ln</span> <span class='ocrx_word' id='word_1_210' title='bbox 201 2331 326 2393; x_wconf 81' lang='lat' dir='ltr'>secundo</span> <span class='ocrx_word' id='word_1_211' title='bbox 340 2351 499 2411; x_wconf 48' lang='lat' dir='ltr'>ccsffiquo</span> <span class='ocrx_word' id='word_1_212' title='bbox 512 2333 626 2394; x_wconf 83' lang='lat' dir='ltr'>scilicet</span> <span class='ocrx_word' id='word_1_213' title='bbox 640 2340 745 2412; x_wconf 91' lang='lat' dir='ltr'>petens</span> <span class='ocrx_word' id='word_1_214' title='bbox 757 2333 851 2411; x_wconf 82' lang='lat' dir='ltr'>exigit</span> <span class='ocrx_word' id='word_1_215' title='bbox 861 2331 997 2395; x_wconf 90' lang='lat' dir='ltr'>debitum</span> 
     </span>
     <span class='ocr_line' id='line_1_26' title="bbox 26 2419 997 2503; baseline 0.002 -23"><span class='ocrx_word' id='word_1_216' title='bbox 26 2439 90 2481; x_wconf 88' lang='lat' dir='ltr'>cum</span> <span class='ocrx_word' id='word_1_217' title='bbox 114 2431 239 2503; x_wconf 89' lang='lat' dir='ltr'>peccato</span> <span class='ocrx_word' id='word_1_218' title='bbox 263 2422 384 2495; x_wconf 82' lang='lat' dir='ltr'>veniali,</span> <span class='ocrx_word' id='word_1_219' title='bbox 405 2419 509 2500; x_wconf 82' lang='lat' dir='ltr'>plures</span> <span class='ocrx_word' id='word_1_220' title='bbox 534 2429 673 2482; x_wconf 81' lang='lat' dir='ltr'>auctores</span> <span class='ocrx_word' id='word_1_221' title='bbox 700 2421 806 2482; x_wconf 88' lang='lat' dir='ltr'>dicunt</span> <span class='ocrx_word' id='word_1_222' title='bbox 831 2422 997 2501; x_wconf 79' lang='lat' dir='ltr'>generatim</span> 
     </span>
     <span class='ocr_line' id='line_1_27' title="bbox 27 2509 999 2590; baseline 0.007 -24"><span class='ocrx_word' id='word_1_223' title='bbox 27 2516 95 2571; x_wconf 88' lang='lat' dir='ltr'>tunc</span> <span class='ocrx_word' id='word_1_224' title='bbox 114 2510 221 2571; x_wconf 88' lang='lat' dir='ltr'>adesse</span> <span class='ocrx_word' id='word_1_225' title='bbox 240 2510 454 2589; x_wconf 81' lang='lat' dir='ltr'>obligationem</span> <span class='ocrx_word' id='word_1_226' title='bbox 475 2509 620 2569; x_wconf 85' lang='lat' dir='ltr'>reddendi</span> <span class='ocrx_word' id='word_1_227' title='bbox 637 2530 644 2566; x_wconf 89' lang='lat'><strong>:</strong></span> <span class='ocrx_word' id='word_1_228' title='bbox 661 2509 709 2570; x_wconf 87' lang='lat' dir='ltr'>atii</span> <span class='ocrx_word' id='word_1_229' title='bbox 724 2520 824 2570; x_wconf 88' lang='lat' dir='ltr'>tamen</span> <span class='ocrx_word' id='word_1_230' title='bbox 841 2511 999 2590; x_wconf 86' lang='lat' dir='ltr'>requirunt</span> 
     </span>
     <span class='ocr_line' id='line_1_28' title="bbox 26 2601 998 2679; baseline 0.005 -24"><span class='ocrx_word' id='word_1_231' title='bbox 26 2606 93 2660; x_wconf 89' lang='lat' dir='ltr'>tunc</span> <span class='ocrx_word' id='word_1_232' title='bbox 105 2601 217 2677; x_wconf 90' lang='lat' dir='ltr'>justam</span> <span class='ocrx_word' id='word_1_233' title='bbox 233 2615 356 2658; x_wconf 82' lang='lat' dir='ltr'>cansam</span> <span class='ocrx_word' id='word_1_234' title='bbox 368 2618 404 2658; x_wconf 85' lang='lat' dir='ltr'>ex</span> <span class='ocrx_word' id='word_1_235' title='bbox 421 2607 504 2677; x_wconf 86' lang='lat' dir='ltr'>parte</span> <span class='ocrx_word' id='word_1_236' title='bbox 520 2603 660 2679; x_wconf 85' lang='lat' dir='ltr'>petentis.</span> <span class='ocrx_word' id='word_1_237' title='bbox 679 2601 768 2659; x_wconf 82' lang='lat' dir='ltr'>ttecte</span> <span class='ocrx_word' id='word_1_238' title='bbox 784 2607 884 2661; x_wconf 86' lang='lat' dir='ltr'>autem</span> <span class='ocrx_word' id='word_1_239' title='bbox 900 2602 931 2660; x_wconf 89' lang='lat' dir='ltr'>S.</span> <span class='ocrx_word' id='word_1_240' title='bbox 950 2601 998 2660; x_wconf 82' lang='lat' dir='ltr'>Li-</span> 
     </span>
     <span class='ocr_line' id='line_1_29' title="bbox 27 2687 998 2770; baseline 0.003 -23"><span class='ocrx_word' id='word_1_241' title='bbox 27 2706 108 2764; x_wconf 80' lang='lat' dir='ltr'>guor.</span> <span class='ocrx_word' id='word_1_242' title='bbox 133 2687 397 2766; x_wconf 75' lang='lat' dir='ltr'>distinguitsicut</span> <span class='ocrx_word' id='word_1_243' title='bbox 423 2689 454 2746; x_wconf 88' lang='lat' dir='ltr'>in</span> <span class='ocrx_word' id='word_1_244' title='bbox 480 2706 551 2748; x_wconf 88' lang='lat' dir='ltr'>casu</span> <span class='ocrx_word' id='word_1_245' title='bbox 579 2688 788 2768; x_wconf 81' lang='lat' dir='ltr'>praecedenti:</span> <span class='ocrx_word' id='word_1_246' title='bbox 813 2689 859 2749; x_wconf 88' lang='lat' dir='ltr'>vel</span> <span class='ocrx_word' id='word_1_247' title='bbox 887 2708 998 2770; x_wconf 90' lang='lat' dir='ltr'>nempe</span> 
     </span>
     <span class='ocr_line' id='line_1_30' title="bbox 26 2777 998 2859; baseline 0.006 -25"><span class='ocrx_word' id='word_1_248' title='bbox 26 2785 106 2839; x_wconf 90' lang='lat' dir='ltr'>actus</span> <span class='ocrx_word' id='word_1_249' title='bbox 118 2785 164 2838; x_wconf 92' lang='lat' dir='ltr'>est</span> <span class='ocrx_word' id='word_1_250' title='bbox 176 2777 299 2838; x_wconf 88' lang='lat' dir='ltr'>itticitus</span> <span class='ocrx_word' id='word_1_251' title='bbox 310 2795 346 2837; x_wconf 87' lang='lat' dir='ltr'>ex</span> <span class='ocrx_word' id='word_1_252' title='bbox 362 2785 445 2857; x_wconf 89' lang='lat' dir='ltr'>parte</span> <span class='ocrx_word' id='word_1_253' title='bbox 461 2778 598 2855; x_wconf 81' lang='lat' dir='ltr'>petentis,</span> <span class='ocrx_word' id='word_1_254' title='bbox 615 2795 642 2839; x_wconf 83' lang='lat' dir='ltr'>r.</span> <span class='ocrx_word' id='word_1_255' title='bbox 657 2797 687 2856; x_wconf 87' lang='lat' dir='ltr'>g.</span> <span class='ocrx_word' id='word_1_256' title='bbox 705 2778 729 2837; x_wconf 91' lang='lat' dir='ltr'>si</span> <span class='ocrx_word' id='word_1_257' title='bbox 744 2784 825 2855; x_wconf 81' lang='lat' dir='ltr'>potat</span> <span class='ocrx_word' id='word_1_258' title='bbox 839 2778 878 2838; x_wconf 78' lang='lat' dir='ltr'>oi)</span> <span class='ocrx_word' id='word_1_259' title='bbox 892 2780 998 2859; x_wconf 84' lang='lat' dir='ltr'>volup·</span> 
     </span>
     <span class='ocr_line' id='line_1_31' title="bbox 25 2865 999 2944; baseline 0.006 -22"><span class='ocrx_word' id='word_1_260' title='bbox 25 2872 121 2932; x_wconf 86' lang='lat' dir='ltr'>tatem.</span> <span class='ocrx_word' id='word_1_261' title='bbox 139 2873 191 2926; x_wconf 87' lang='lat' dir='ltr'>aut</span> <span class='ocrx_word' id='word_1_262' title='bbox 208 2866 259 2926; x_wconf 87' lang='lat' dir='ltr'>die</span> <span class='ocrx_word' id='word_1_263' title='bbox 280 2883 341 2944; x_wconf 85' lang='lat' dir='ltr'>quo</span> <span class='ocrx_word' id='word_1_264' title='bbox 357 2865 418 2926; x_wconf 87' lang='lat' dir='ltr'>vutt</span> <span class='ocrx_word' id='word_1_265' title='bbox 441 2865 658 2926; x_wconf 83' lang='lat' dir='ltr'>Eucharistiam</span> <span class='ocrx_word' id='word_1_266' title='bbox 674 2883 806 2939; x_wconf 90' lang='lat' dir='ltr'>sumere,</span> <span class='ocrx_word' id='word_1_267' title='bbox 822 2873 936 2940; x_wconf 84' lang='lat' dir='ltr'>ettunc</span> <span class='ocrx_word' id='word_1_268' title='bbox 954 2877 999 2928; x_wconf 89' lang='lat' dir='ltr'>est</span> 
     </span>
     <span class='ocr_line' id='line_1_32' title="bbox 26 2953 999 3035; baseline 0.005 -24"><span class='ocrx_word' id='word_1_269' title='bbox 26 2954 164 3035; x_wconf 80' lang='lat' dir='ltr'>obligatio</span> <span class='ocrx_word' id='word_1_270' title='bbox 189 2953 347 3026; x_wconf 77' lang='lat' dir='ltr'>reddendi,</span> <span class='ocrx_word' id='word_1_271' title='bbox 361 2954 434 3033; x_wconf 84' lang='lat' dir='ltr'>quia</span> <span class='ocrx_word' id='word_1_272' title='bbox 449 2961 532 3014; x_wconf 87' lang='lat' dir='ltr'>actus</span> <span class='ocrx_word' id='word_1_273' title='bbox 547 2963 591 3013; x_wconf 89' lang='lat' dir='ltr'>est</span> <span class='ocrx_word' id='word_1_274' title='bbox 612 2954 643 3014; x_wconf 87' lang='lat' dir='ltr'>in</span> <span class='ocrx_word' id='word_1_275' title='bbox 666 2972 698 3014; x_wconf 92' lang='lat' dir='ltr'>se</span> <span class='ocrx_word' id='word_1_276' title='bbox 711 2954 808 3015; x_wconf 81' lang='lat' dir='ltr'>licitus</span> <span class='ocrx_word' id='word_1_277' title='bbox 828 2962 858 3015; x_wconf 90' lang='lat' dir='ltr'>et</span> <span class='ocrx_word' id='word_1_278' title='bbox 870 2955 999 3017; x_wconf 86' lang='lat' dir='ltr'>debetur</span> 
     </span>
     <span class='ocr_line' id='line_1_33' title="bbox 26 3043 1062 3121; baseline 0.005 -20"><span class='ocrx_word' id='word_1_279' title='bbox 26 3060 58 3102; x_wconf 86' lang='lat' dir='ltr'>ex</span> <span class='ocrx_word' id='word_1_280' title='bbox 78 3044 204 3121; x_wconf 87' lang='lat' dir='ltr'>justitia.</span> <span class='ocrx_word' id='word_1_281' title='bbox 223 3043 252 3103; x_wconf 88' lang='lat' dir='ltr'>Si</span> <span class='ocrx_word' id='word_1_282' title='bbox 274 3061 344 3103; x_wconf 85' lang='lat' dir='ltr'>vero</span> <span class='ocrx_word' id='word_1_283' title='bbox 366 3048 452 3103; x_wconf 87' lang='lat' dir='ltr'>actus</span> <span class='ocrx_word' id='word_1_284' title='bbox 472 3050 517 3103; x_wconf 86' lang='lat' dir='ltr'>est</span> <span class='ocrx_word' id='word_1_285' title='bbox 537 3043 567 3102; x_wconf 88' lang='lat' dir='ltr'>in</span> <span class='ocrx_word' id='word_1_286' title='bbox 585 3061 618 3102; x_wconf 88' lang='lat' dir='ltr'>se</span> <span class='ocrx_word' id='word_1_287' title='bbox 640 3043 795 3104; x_wconf 85' lang='lat' dir='ltr'>venialiter</span> <span class='ocrx_word' id='word_1_288' title='bbox 814 3043 947 3117; x_wconf 78' lang='lat' dir='ltr'>illicitus,</span> <span class='ocrx_word' id='word_1_289' title='bbox 973 3047 998 3106; x_wconf 88' lang='lat' dir='ltr'>si</span> <span class='ocrx_word' id='word_1_290' title='bbox 1060 3064 1062 3068; x_wconf 75' lang='grc'>’</span> 
     </span>
     <span class='ocr_line' id='line_1_34' title="bbox 28 3130 999 3212; baseline 0.005 -22"><span class='ocrx_word' id='word_1_291' title='bbox 28 3149 132 3212; x_wconf 89' lang='lat' dir='ltr'>nempe</span> <span class='ocrx_word' id='word_1_292' title='bbox 148 3136 265 3212; x_wconf 87' lang='lat' dir='ltr'>petatur</span> <span class='ocrx_word' id='word_1_293' title='bbox 280 3130 336 3191; x_wconf 91' lang='lat' dir='ltr'>situ</span> <span class='ocrx_word' id='word_1_294' title='bbox 354 3131 533 3203; x_wconf 87' lang='lat' dir='ltr'>innaturati,</span> <span class='ocrx_word' id='word_1_295' title='bbox 547 3132 591 3191; x_wconf 86' lang='lat' dir='ltr'>ret</span> <span class='ocrx_word' id='word_1_296' title='bbox 607 3139 741 3211; x_wconf 88' lang='lat' dir='ltr'>tempore</span> <span class='ocrx_word' id='word_1_297' title='bbox 763 3133 931 3206; x_wconf 83' lang='lat' dir='ltr'>menstrui,</span> <span class='ocrx_word' id='word_1_298' title='bbox 948 3141 999 3195; x_wconf 87' lang='lat' dir='ltr'>aut</span> 
     </span>
     <span class='ocr_line' id='line_1_35' title="bbox 28 3219 998 3301; baseline 0.002 -21"><span class='ocrx_word' id='word_1_299' title='bbox 28 3223 187 3301; x_wconf 81' lang='lat' dir='ltr'>puerperii,</span> <span class='ocrx_word' id='word_1_300' title='bbox 218 3219 334 3280; x_wconf 89' lang='lat' dir='ltr'>licitum</span> <span class='ocrx_word' id='word_1_301' title='bbox 361 3220 484 3300; x_wconf 88' lang='lat' dir='ltr'>quidem</span> <span class='ocrx_word' id='word_1_302' title='bbox 509 3226 554 3280; x_wconf 91' lang='lat' dir='ltr'>est</span> <span class='ocrx_word' id='word_1_303' title='bbox 575 3225 648 3280; x_wconf 86' lang='lat' dir='ltr'>tunc</span> <span class='ocrx_word' id='word_1_304' title='bbox 674 3219 800 3279; x_wconf 87' lang='lat' dir='ltr'>reddere</span> <span class='ocrx_word' id='word_1_305' title='bbox 823 3238 896 3281; x_wconf 91' lang='lat' dir='ltr'>cum</span> <span class='ocrx_word' id='word_1_306' title='bbox 919 3223 998 3298; x_wconf 83' lang='lat' dir='ltr'>justa</span> 
     </span>
     <span class='ocr_line' id='line_1_36' title="bbox 28 3307 996 3391; baseline 0.004 -25"><span class='ocrx_word' id='word_1_307' title='bbox 28 3325 111 3372; x_wconf 84' lang='lat' dir='ltr'>causa</span> <span class='ocrx_word' id='word_1_308' title='bbox 120 3320 223 3371; x_wconf 88' lang='lat' dir='ltr'>actum</span> <span class='ocrx_word' id='word_1_309' title='bbox 234 3307 492 3381; x_wconf 65' lang='lat' dir='ltr'>colrouestantev.</span> <span class='ocrx_word' id='word_1_310' title='bbox 506 3329 535 3387; x_wconf 81' lang='lat' dir='ltr'>g.</span> <span class='ocrx_word' id='word_1_311' title='bbox 549 3327 587 3368; x_wconf 91' lang='lat' dir='ltr'>ne</span> <span class='ocrx_word' id='word_1_312' title='bbox 598 3307 979 3391; x_wconf 72' lang='lat' dir='ltr'>incurratindignationem</span> <span class='ocrx_word' id='word_1_313' title='bbox 986 3330 996 3384; x_wconf 88' lang='lat'>,·</span> 
     </span>
    </p>
   </div>
   <div class='ocr_carea' id='block_1_4' title="bbox 56 3520 469 3659">
    <p class='ocr_par' dir='ltr' id='par_1_6' title="bbox 56 3520 469 3659">
     <span class='ocr_line' id='line_1_37' title="bbox 56 3520 461 3586; baseline 0 -16"><span class='ocrx_word' id='word_1_314' title='bbox 56 3523 77 3572; x_wconf 88' lang='lat' dir='ltr'>t.</span> <span class='ocrx_word' id='word_1_315' title='bbox 95 3522 121 3572; x_wconf 88' lang='lat' dir='ltr'>S.</span> <span class='ocrx_word' id='word_1_316' title='bbox 140 3523 254 3586; x_wconf 68' lang='lat' dir='ltr'>Liguor„</span> <span class='ocrx_word' id='word_1_317' title='bbox 271 3520 314 3569; x_wconf 84' lang='lat' dir='ltr'>tib.</span> <span class='ocrx_word' id='word_1_318' title='bbox 329 3521 352 3579; x_wconf 87' lang='grc'>6,</span> <span class='ocrx_word' id='word_1_319' title='bbox 366 3530 392 3568; x_wconf 86' lang='lat' dir='ltr'>n⁰</span> <span class='ocrx_word' id='word_1_320' title='bbox 404 3520 461 3570; x_wconf 80' lang='lat' dir='ltr'>ott.</span> 
     </span>
     <span class='ocr_line' id='line_1_38' title="bbox 56 3591 469 3659; baseline -0.002 -16"><span class='ocrx_word' id='word_1_321' title='bbox 56 3595 77 3645; x_wconf 73' lang='lat' dir='ltr'>t.</span> <span class='ocrx_word' id='word_1_322' title='bbox 95 3597 173 3646; x_wconf 92' lang='lat' dir='ltr'>Homo</span> <span class='ocrx_word' id='word_1_323' title='bbox 183 3594 281 3659; x_wconf 67' lang='lat' dir='ltr'>etpost..</span> <span class='ocrx_word' id='word_1_324' title='bbox 296 3599 325 3641; x_wconf 88' lang='lat' dir='ltr'>tr.</span> <span class='ocrx_word' id='word_1_325' title='bbox 341 3592 379 3646; x_wconf 79' lang='lat' dir='ltr'>ts,</span> <span class='ocrx_word' id='word_1_326' title='bbox 393 3601 420 3640; x_wconf 78' lang='grc' dir='ltr'>ιι0</span> <span class='ocrx_word' id='word_1_327' title='bbox 430 3591 469 3642; x_wconf 84' lang='lat' dir='ltr'>to.</span> 
     </span>
    </p>
   </div>
   <div class='ocr_carea' id='block_1_5' title="bbox 55 3664 299 3727">
    <p class='ocr_par' dir='ltr' id='par_1_7' title="bbox 55 3664 299 3727">
     <span class='ocr_line' id='line_1_39' title="bbox 55 3664 299 3727; baseline -0.012 -10"><span class='ocrx_word' id='word_1_328' title='bbox 55 3665 77 3718; x_wconf 82' lang='lat'>3.</span> <span class='ocrx_word' id='word_1_329' title='bbox 95 3667 147 3718; x_wconf 81' lang='lat' dir='ltr'>Lib.</span> <span class='ocrx_word' id='word_1_330' title='bbox 162 3666 186 3727; x_wconf 83' lang='grc'>6,</span> <span class='ocrx_word' id='word_1_331' title='bbox 203 3676 231 3715; x_wconf 78' lang='grc' dir='ltr'>ιιο</span> <span class='ocrx_word' id='word_1_332' title='bbox 244 3664 299 3715; x_wconf 68' lang='grc'>945.</span> 
     </span>
    </p>
   </div>
   <div class='ocr_carea' id='block_1_6' title="bbox 0 0 1197 4102">
    <p class='ocr_par' dir='ltr' id='par_1_8' title="bbox 0 0 1197 4102">
     <span class='ocr_line' id='line_1_40' title="bbox 0 0 1197 4102; baseline 0 0"><span class='ocrx_word' id='word_1_333' title='bbox 0 0 1197 4102; x_wconf 95' lang='lat' dir='ltr'> </span> 
     </span>
    </p>
   </div>
  </div>
 </body>
</html>
