2384 4138
156 172 177 231 8
405 178 408 182 ’
476 185 514 231 aa
534 187 626 236 anans
645 187 801 234 narraris.

159 322 175 359 a
195 319 231 363 ac
244 301 406 364 dissolvere
428 326 435 363 ε
459 302 542 365 unde
562 305 725 386 aliquanda
745 305 836 366 etiam
855 312 979 366 vocatur
1000 303 1125 367 dissolu·

158 410 175 451 a
197 391 238 452 tio
251 412 281 449 u.
295 392 358 452 ΠΙ).
375 391 514 467 Bouvier,
535 393 654 455 Dissert.
671 394 704 454 iu
715 401 840 468 sectum,
853 399 912 454 etc.
926 410 994 469 cap.
1011 394 1033 454 l.
1052 394 1128 454 «Est

163 485 301 540 nantem
327 477 467 554 luxuria,
493 479 593 560 inquit
622 480 847 555 Busembaurn,
867 498 917 561 ap.
951 481 982 542 S.
1005 480 1143 561 Lignor.

162 588 177 623 a
199 565 264 646 (lib.
281 570 310 627 3.
327 579 361 626 n⁰
377 569 447 644 tlt)
460 614 468 642 ,
482 567 672 631 inordinatas
686 570 837 648 appetitus
853 568 899 630 vel
911 587 988 631 usus
999 567 1143 630 delector

162 674 178 712 a
198 653 303 730 tionis,
317 673 372 715 seu
387 672 495 717 sensus
508 657 639 729 venerei,
653 658 705 737 qui
720 657 752 716 fit
765 673 836 718 cum
849 656 1053 717 commotione
1067 656 1129 737 spi·

162 764 177 800 a
198 741 312 803 rituum
336 742 521 822 generationi
551 744 761 819 servientium,
780 745 860 806 circa
879 750 978 824 partes
997 745 1131 824 corporis

163 853 178 888 a
198 847 353 892 venereas.
370 852 386 890 a
401 830 522 892 Creterra
533 831 758 907 delectationes,
773 836 828 893 etsi
839 831 988 894 sensitivae
1002 831 1046 893 val
1060 850 1130 894 sen·

158 919 328 993 sitivorum,
339 918 365 980 si
380 919 418 980 ad
426 937 555 982 venerea
572 938 633 981 non
649 920 829 982 ordinentur
847 920 885 981 ad
899 920 1050 987 luxuriam
1069 938 1143 984 non

158 1008 323 1087 pertinent.
1141 1068 1142 1071 ,

199 1095 362 1157 Delectatio
372 1113 466 1176 quam
480 1095 652 1157 inordinate
662 1096 775 1176 appetit
794 1096 913 1158 luxuria
927 1096 997 1158 ideo
1010 1102 1134 1160 vacatur

160 1202 279 1245 venerea
292 1184 407 1264 quiaex
422 1201 454 1244 se
465 1184 561 1245 tendit
574 1184 612 1245 ad
627 1184 866 1263 generationem,
882 1185 931 1246 cai
941 1185 1030 1247 deam
1037 1187 1135 1247 Vene-

163 1289 228 1333 rem
242 1271 402 1351 praesidem
414 1270 570 1351 tingebant
580 1272 701 1352 pagani.

201 1363 251 1421 25.
274 1360 437 1422 Delectatio
456 1378 582 1421 venerea
610 1359 669 1420 alia
691 1367 737 1421 est
757 1360 849 1435 levis,
877 1360 936 1421 alia
956 1360 1134 1423 vehemens.

131 1510 135 1517 ,
161 1446 246 1510 Levis
265 1454 309 1508 est
332 1449 495 1529 spirituum
510 1466 564 1510 sea
585 1447 751 1511 humorum
770 1448 1021 1528 spermaticorum
1043 1467 1138 1529 gene-

162 1535 270 1598 rationi
294 1535 522 1597 inservientium
540 1536 704 1598 commotio
725 1534 825 1597 adhuc
848 1534 939 1616 longe
962 1543 1078 1599 remota
1098 1538 1139 1599 ab

162 1621 311 1687 effusione
332 1624 471 1700 seminis;
498 1624 660 1687 vehemens
687 1642 759 1686 sero
783 1625 1020 1688 estcornmdem
1043 1626 1139 1705 spiri·

163 1720 251 1775 tuum
274 1711 359 1773 fortis
383 1714 549 1774 commotio
572 1732 641 1795 quae
666 1713 697 1773 in
717 1710 841 1774 homine
866 1715 1138 1793 sano‘proaimum

164 1800 289 1863 seminis
303 1796 667 1881 effundendipericalum
683 1801 835 1882 importat.

203 1893 252 1952 26.
262 1890 382 1951 Certum
393 1895 437 1951 est
444 1889 593 1951 ruituram
605 1906 671 1950 esse
679 1895 834 1968 peccatum
847 1889 973 1952 mortale
981 1907 1018 1952 ex
1026 1909 1141 1971 genere

165 1996 232 2052 suo,
243 1983 272 2038 et
286 1976 411 2058 quidem
425 1983 530 2040 contra
546 1976 594 2056 jas
610 1976 757 2038 naturale.

206 2070 236 2126 1ο
251 2066 310 2127 Est
330 2074 479 2146 peccatum
493 2066 620 2126 mortale
632 2084 670 2126 eac
680 2084 784 2145 peracre
796 2085 869 2126 suc:
892 2065 1001 2145 legitur
1012 2066 1097 2127 enirn
1112 2070 1147 2135 in

165 2154 292 2236 epistola
306 2153 344 2215 ad
357 2154 486 2228 Galatas,
499 2173 526 2215 c.
539 2157 570 2228 5,
586 2173 613 2215 v.
632 2157 670 2215 rc
682 2160 712 2214 et
727 2158 763 2215 at
778 2172 786 2214 :
802 2153 962 2234 Manifesta
972 2163 1040 2215 suat
1052 2172 1150 2239 opero¹

165 2242 274 2323 caruis,
296 2260 363 2322 quae
383 2250 451 2302 suat
472 2241 655 2321 fornicatio,
685 2239 900 2315 immunditia,
927 2241 1123 2323 impudicitia

167 2331 330 2392 lucarie...
346 2339 374 2391 et
387 2329 434 2390 lais
445 2330 571 2403 similia,
582 2349 648 2410 qaae
656 2329 791 2410 praedico
805 2329 895 2411 undis,
909 2329 987 2391 sicut
995 2328 1137 2410 praediri

166 2420 307 2500 quoniam
326 2419 380 2499 qui
394 2418 472 2480 talia
485 2426 578 2500 apum
590 2438 712 2497 reanum
733 2418 785 2480 [lei
798 2436 857 2478 aaa
868 2426 1087 2499 consequentur.
1102 2421 1116 2480 1
1140 2446 1152 2472 :a

167 2526 285 2569 omnes.

208 2601 258 2657 27.
275 2594 372 2657 afflat
385 2606 532 2672 peccatum
544 2596 710 2677 contrajac
719 2594 869 2655 naturale.
879 2596 946 2656 Hoc
956 2593 1114 2676 luitquide

168 2692 313 2764 negatum
326 2684 490 2764 praesertim
503 2684 603 2764 quoad
619 2683 847 2745 fornicationem
869 2683 1053 2762 simplicem,
1065 2682 1093 2744 ci
1119 2708 1145 2737 a:

169 2791 260 2853 quam
288 2771 398 2851 triplex
419 2771 474 2833 fait
501 2790 585 2833 error
603 2793 608 2832 :
628 2772 750 2836 Primus
764 2770 997 2845 Nicolaitarum,
1022 2770 1133 2837 Gnostl

169 2879 287 2936 corum,
303 2860 505 2941 quorumdam
521 2877 690 2939 graecorum
709 2859 761 2939 qui
785 2857 953 2919 docuerunt
970 2857 1159 2925 fornicatio-

171 2966 241 3010 nem
270 2948 355 3010 nnllo
378 2950 446 3026 jure
459 2966 524 3009 asse
539 2948 684 3021 illicitam,
700 2947 748 3008 cai
761 2947 856 3008 errori
871 2946 1028 3008 manifeste
1040 2945 1154 3013 adhae-

171 3043 237 3098 rent
257 3036 462 3116 anabaptistae,
478 3035 606 3116 aliaequa
629 3036 732 3111 plmes
750 3039 840 3096 sectae
854 3033 1021 3108 hodiernae,
1041 3033 1156 3115 quales

170 3130 240 3186 sunt
253 3125 345 3205 vulgo
365 3124 568 3186 denominatae
582 3122 878 3197 Samis-simoniana,
893 3121 1153 3191 Phalansteriens,
1176 3168 1178 3179 ,

171 3214 224 3290 qui
245 3232 353 3274 omnes
366 3212 563 3274 concubitura
579 3213 787 3294 promiscuum
801 3210 979 3290 permittant
992 3216 1022 3271 et
1039 3217 1155 3291 agunt.

170 3299 319 3363 Secundus
331 3319 416 3362 error
428 3299 485 3361 luit
499 3299 646 3373 Durandi,
658 3299 710 3380 qui
723 3298 811 3361 docet
833 3297 1062 3360 fornicationem
1083 3316 1160 3361 esse

170 3393 290 3450 tanturn
306 3396 463 3469 peccatum
477 3388 595 3449 veniale
609 3406 645 3448 ex
666 3389 734 3465 jure
748 3387 886 3459 naturali,
899 3393 928 3448 et
953 3386 1160 3450 solummodo

171 3494 189 3536 a
201 3477 270 3554 iure
285 3477 412 3557 positivo
426 3475 538 3537 habere
552 3474 634 3556 quod
650 3475 687 3536 sit
700 3475 825 3537 mortale
839 3480 1010 3555 peccatum.
1031 3473 1160 3537 Tertius

172 3562 1160 3644 errorestCaramuelisetqnorurndarnaliorumquicontendunt

172 3649 420 3714 fornicationem·
438 3651 610 3713 nullatenus
634 3667 700 3713 esse
728 3649 839 3712 malam
875 3649 1062 3730 intrinsece,
1099 3651 1161 3715 sed
