2378 4102
14 28 16 123 4

327 169 420 214 raons
442 156 673 220 aurdandmoun.
928 154 986 212 435

19 282 139 340 addiscat
162 283 258 340 modos
280 284 424 342 inhoneste
446 285 560 341 saltandi
574 302 581 354 ;
597 293 625 340 et
647 300 681 339 an
700 283 754 338 filia
777 290 902 339 teneatur
922 293 988 340 tunc

14 364 94 433 tnatri
107 379 167 419 suae
182 363 304 430 obedire,
319 366 380 420 228.
397 365 466 438 Voy.
481 363 578 419 Danaes
589 362 727 418 modernos.

14 452 16 509 ἑ
49 466 271 537 &attenuasse
288 470 349 525 aaa.

14 564 15 581 ³
49 578 135 635 Sectis
149 597 228 636 vene.
246 581 278 638 V.
299 579 375 637 Versu.

49 677 150 734 Somou.
162 682 203 733 An
219 680 307 752 puella
319 681 454 737 violenter
471 696 601 753 oppressa
616 683 702 754 possit
712 698 804 738 semen
819 683 928 753 ejicere,
943 690 991 736 aut

14 757 113 813 saltem
133 775 163 814 se
182 766 293 815 vertere
314 766 342 816 et
365 761 468 816 coitum
487 762 688 833 interrumpere
709 780 744 818 ne
767 763 912 834 concipiat,
939 763 992 817 etsi
1052 785 1055 791 ·
1099 804 1113 829 ,

20 837 168 906 perieulum
182 837 254 893 adsit
273 839 346 910 quod
360 855 453 895 semen
468 849 543 896 extra
559 856 607 895 vas
623 841 787 910 offundatur,
807 844 850 896 46.
867 841 938 909 Quid
953 842 990 896 sit

19 930 120 983 semen,
143 920 205 972 455.
228 917 357 974 [44445444
380 919 567 986 distillatione,
585 922 646 974 456.
673 923 790 975 Peccant
813 923 944 991 conjuges
966 921 989 975 si

20 1009 108 1052 semen
139 1005 281 1070 receptum
305 998 450 1069 expellant,
477 1002 538 1054 307.
564 1003 606 1054 An
630 1007 751 1071 „peccent
778 1001 931 1055 mortaliter
955 1001 988 1063 si,

19 1073 137 1149 inempta
158 1078 266 1150 copula,
291 1078 500 1134 seminationem
523 1078 682 1148 cohibeant,
707 1082 768 1133 308.
792 1079 892 1149 Amet
921 1095 992 1134 unus

20 1157 165 1228 conjugum
175 1158 361 1227 seminaverit,
377 1160 464 1231 possit
477 1159 546 1214 alter
558 1159 766 1214 seminationem
775 1158 913 1223 cohibere,
928 1162 989 1217 348.

19 1235 167 1368 &asemon
187 1238 309 1293 mulieris
330 1238 366 1294 sit
391 1240 574 1295 necessarium
589 1237 623 1317 ad
637 1239 851 1308 generationem,
873 1241 935 1294 308.
959 1240 980 1295 V

57 1332 197 1371 commum.

52 1422 132 1479 Senes
143 1431 172 1479 et
184 1424 291 1480 steriles
304 1431 419 1496 possunt
431 1425 470 1480 uti
480 1425 554 1480 licite
564 1424 747 1493 matrimonio,
760 1426 821 1481 tat.

52 1528 201 1584 8445444445.
219 1531 250 1584 V.
264 1528 413 1585 delectatio.

53 1633 178 1706 Sipillum
192 1651 239 1691 seu
253 1633 423 1707 Sipaueulam
436 1634 613 1706 virginitatis,
630 1635 663 1689 44
678 1640 705 1688 et
719 1635 761 1687 43.
855 1610 857 1613 ¹

52 1739 137 1812 Sipus
160 1741 376 1797 extraordinaria
398 1741 572 1796 contritionis
601 1739 732 1811 requisita
755 1739 788 1793 ad
814 1737 995 1794 absolvendos

21 1820 155 1876 recidivos
164 1819 300 1891 quomodo
313 1822 368 1876 sint
380 1819 564 1890 intelligenda,
576 1821 637 1874 474.
654 1819 784 1888 Quaenam
798 1819 852 1873 sint
865 1818 908 1873 illa
918 1818 995 1889 signa

23 1899 246 1969 extraordinaria,
263 1902 310 1955 474
322 1946 325 1952 .

54 2006 130 2063 Situs
143 2009 274 2064 naturalis
285 2007 493 2077 concumbendi,
510 2010 570 2063 476.
583 2011 624 2062 An
640 2008 755 2062 mortale
769 2009 805 2063 sit
819 2024 874 2062 non
886 2023 996 2063 servare

21 2082 92 2154 hunc
102 2087 197 2155 situm,
212 2090 272 2157 276.
289 2088 391 2143 Carere
402 2086 484 2142 debet
496 2086 680 2143 confessarius
693 2103 726 2142 ne
740 2088 907 2158 quaestiones
923 2087 995 2140 mul-

24 2164 209 2236 tiplicetcirca
221 2166 330 2222 modum
345 2165 472 2231 coeundi,
488 2168 549 2227 277.

55 2271 185 2327 Sodomis.
207 2272 284 2328 Unde
303 2273 355 2327 hoo
375 2288 485 2339 nomen,
500 2279 527 2327 et
543 2272 607 2343 quid
629 2273 674 2341 sit,
690 2267 750 2328 484.
766 2272 934 2328 Probabilius
955 2280 997 2327 est

25 2350 171 2406 sodomiam
197 2353 350 2407 consistere
368 2352 395 2406 in
417 2368 566 2422 congressu
588 2351 622 2426 ad
638 2352 791 2410 indebitum
812 2368 916 2419 sexum,
933 2354 994 2407 483.

25 2426 90 2496 Quid
108 2432 131 2485 si
144 2447 309 2502 congressus
325 2448 388 2485 cum
402 2446 476 2485 mare
490 2446 545 2485 non
558 2430 606 2485 fiat
622 2432 649 2485 in
665 2447 729 2486 vase
742 2438 920 2503 praepostero,
934 2433 994 2486 483.

26 2505 90 2574 Quid
106 2511 129 2565 si
144 2510 308 2565 concubitus
322 2526 384 2565 cum
400 2511 499 2565 femina
510 2510 558 2565 liat
572 2517 648 2565 entra
663 2527 710 2565 vas
725 2512 782 2566 sive
793 2511 925 2575 debitum,
940 2511 997 2565 sive

25 2597 232 2663 praeposterum,
248 2592 309 2644 l83.
331 2593 373 2644 An
388 2590 414 2643 in
434 2589 556 2644 sodomia
574 2590 764 2662 explicandum
781 2590 817 2644 sit
835 2590 897 2662 quis
916 2590 997 2645 luerit

25 2679 105 2737 agens
122 2675 171 2723 aut
190 2669 307 2741 patiens,
325 2671 385 2723 l8l.
405 2673 447 2724 An
462 2669 699 2741 sitexplicandum
713 2684 747 2723 an
768 2670 851 2725 luerit
866 2670 995 2738 violenta,

25 2747 63 2801 vel
74 2764 139 2803 cum
151 2749 306 2819 conjugata,
321 2755 369 2804 aut
379 2749 599 2823 consanguineis,
615 2757 662 2804 aut
676 2749 813 2815 affinibus,
828 2751 888 2803 485.
906 2752 998 2806 Poenae

24 2836 117 2883 contra
128 2827 286 2892 sodomitas,
299 2831 360 2882 436.
373 2828 467 2896 Qualis
474 2844 534 2884 esse
543 2828 642 2884 debeat
652 2827 773 2884 sodomia
785 2836 814 2883 ut
824 2830 999 2884 committens

24 2902 146 2962 incurrat
159 2912 265 2977 poenas,
284 2910 344 2962 487.
361 2911 403 2962 An
417 2907 548 2963 sodomiae
563 2923 659 2980 poenas
674 2908 816 2963 incurrant
830 2908 924 2963 clerici
938 2924 997 2964 eam

23 2987 168 3055 patientes,
185 2988 246 3040 l88.
260 2990 302 3041 An
315 3002 405 3058 poenae
419 2993 482 3041 ante
494 2987 656 3042 sententiam
671 2985 856 3051 incrirrantur,
873 2989 934 3042 489.

57 3095 241 3153 sollicitantes.
259 3094 330 3163 Quid
340 3112 355 3150 a
365 3096 412 3151 SS.
426 3095 604 3150 Pontificibus
617 3095 700 3149 fuerit
710 3102 843 3150 statutum
855 3094 929 3149 circa
943 3094 999 3149 sol-

24 3174 170 3242 licitantes,
187 3177 248 3229 434.
264 3175 377 3245 lpsimet
394 3174 522 3246 Episcopi
537 3175 565 3228 in
581 3190 645 3229 casu
661 3172 923 3239 suntdenuntiandi,
936 3175 996 3229 l3l.

24 3252 207 3310 Denuntiandi
222 3261 286 3308 sunt
303 3254 350 3325 qui
364 3252 392 3307 in
406 3253 595 3308 sacramentali
609 3253 780 3307 confessione
799 3251 920 3306 chartam
940 3259 998 3307 tra-

26 3331 94 3389 dunt
111 3332 332 3388 sollicitationem
350 3332 546 3394 continentem,
559 3332 611 3386 etsi
634 3338 726 3402 postea
746 3331 782 3386 sit
800 3329 923 3399 legenda,
937 3333 997 3384 434.

28 3412 98 3469 Varii
113 3429 193 3468 casus
207 3411 417 3479 sollicitationis,
432 3412 479 3464 l3l
500 3411 540 3481 (iu
551 3408 638 3481 notis).
657 3411 747 3465 Poenre
760 3409 823 3464 latae
841 3416 935 3463 contra
951 3424 1000 3463 ra-

28 3489 202 3548 lumniatores
216 3490 445 3546 confessariorum
458 3489 655 3556 innocentium,
670 3490 730 3543 434.
747 3488 1000 3543 Excommunicatio

29 3573 113 3643 major
128 3572 203 3628 ‘latae
225 3569 369 3625 sententias
393 3569 428 3623 iis
453 3569 612 3639 imponitur,
632 3568 679 3639 qui
706 3567 774 3620 intra
804 3581 924 3620 mensem
947 3581 1000 3618 nou

28 3647 189 3708 ¹denuntiant
202 3647 384 3705 confessarios
394 3647 428 3701 ad
444 3647 533 3717 turpia
549 3646 738 3712 sollicitantes,
751 3647 812 3698 433.
828 3643 896 3697 Aliae
910 3655 1000 3711 poenae
