2362 4094
203 140 259 199 {td
527 155 564 198 ua
586 155 679 201 uanus
698 157 852 203 vnunams.

200 275 369 350 peccatum,
386 272 410 331 si
427 268 478 331 tiat
493 277 609 333 tantum
625 272 662 332 ad
682 273 835 335 vitandam
850 273 1125 349 incontinentiam
1143 290 1169 335 en

199 359 281 440 quod
295 361 456 440 primarius
471 360 539 420 finis
560 362 693 442 conjugii
708 364 745 423 sit
758 364 852 441 protis
869 365 1061 444 procreatio,
1080 364 1169 425 vitatio

199 468 273 512 vero,
301 449 556 529 concupiscentia
584 451 649 510 inco
676 453 856 514 secundario
887 453 1038 514 duntaxat
1062 454 1166 529 venian

197 557 289 618 porro
313 539 435 599 venialis
461 545 506 599 est
533 538 723 601 deordinatio
749 541 1048 621 tinempraeoipuum
1077 542 1169 602 minua

199 619 357 709 principali
373 636 567 707 postponere.
586 661 621 672 -·
637 629 721 689 nuni
729 635 830 690 tamen
841 630 892 690 alii
905 632 1018 691 cumS.
1033 630 1166 710 Liguon‘

199 724 311 796 negant
326 716 356 776 in
370 715 428 776 hoc
443 716 547 777 adesse
563 717 658 778 ulium
682 727 856 796 peceatum,
875 718 948 798 quia
973 737 1036 780 non
1058 726 1167 781 tantun

197 807 278 865 tiens
304 805 432 865 instituit
458 806 686 866 matrimonium
712 806 751 866 ad
766 805 1164 887 fitiorum-procreationem,

196 893 877 973 sedetiaminconcupiscentiaremedium,ut
887 903 1007 958 constat
1018 897 1163 976 Apostoli),

196 986 210 1043 t
228 984 311 1058 ena,
326 1002 354 1044 c.
370 987 405 1043 7:
423 984 551 1063 Propter
568 998 809 1045 ronnmarmuan
829 985 1031 1066 unusquisque
1055 1006 1165 1049 uxoren

194 1090 275 1133 suurn
295 1072 409 1143 habeut,
427 1079 455 1132 et
470 1090 652 1151 unoqrrreqne
665 1091 749 1132 saum
768 1073 876 1133 uirum.
893 1075 988 1134 Porro
1003 1073 1064 1135 hoc
1078 1079 1162 1155 Apus·

196 1162 275 1222 tolus
289 1161 361 1223 dicit.
374 1161 412 1222 de
425 1161 545 1240 propria
561 1160 760 1221 fornicatione
784 1160 920 1237 vitanda,
932 1168 964 1222 et
980 1181 1043 1222 non
1058 1171 1162 1225 tantun

193 1249 231 1310 de
246 1250 370 1311 alterius
386 1250 488 1329 (prout
503 1266 566 1308 non
583 1248 661 1308 bene
673 1248 792 1311 videtur
806 1250 961 1310 censuisse
972 1249 1003 1311 S.
1016 1250 1161 1333 Thomas);

193 1338 275 1418 quod
295 1338 428 1418 amplius
442 1342 522 1416 patet
547 1355 584 1395 ex
603 1337 718 1397 caeteris
746 1336 880 1416 Apostoli
903 1340 1030 1399 verbis:
1053 1341 1162 1420 quadri

194 1445 250 1486 non
264 1427 423 1500 continent,
452 1422 583 1493 nubunt';
602 1425 707 1485 aretina
722 1436 763 1486 est
786 1428 861 1487 eninr
886 1427 996 1488 andere
1009 1448 1099 1509 quom
1125 1428 1163 1490 nri

196 1516 235 1597 (v.
250 1514 282 1596 9)
292 1537 300 1591 ;
326 1521 357 1576 ct
380 1533 457 1577 vera.
475 1520 511 1576 5:
528 1516 622 1575 notite
646 1514 791 1593 fraudare
813 1516 948 1588 intricant,
967 1519 1030 1576 nr'sr'
1043 1519 1162 1598 fortem

193 1623 329 1664 ronsensu
342 1602 382 1663 ad
396 1612 517 1683 tempas,
535 1612 567 1663 at
581 1604 685 1663 vacetis
711 1604 855 1680 orationi,
870 1606 1024 1666 etiterum
1049 1608 1159 1668 reverti·

193 1691 1160 1773 rniar'inidrpsummetentrt,uosSatnnospropterincontinentiam

195 1790 332 1842 nestram.
350 1774 466 1855 Quibus
481 1776 767 1860 patet'rtpcstqum,
783 1800 844 1841 non
860 1789 979 1842 tautum
998 1785 1160 1862 permiram

193 1870 421 1931 matrimonium
435 1869 589 1950 ipsiusque
599 1887 687 1929 usum
697 1868 734 1929 ad
744 1869 893 1929 vitandam
903 1870 1159 1943 incontinentiam,

193 1958 246 2020 sed
270 1960 359 2020 etiam
387 1958 425 2019 ad
446 1958 512 2019 haec
525 1953 637 2017 hortari
654 1959 684 2017 in
699 1975 791 2018 casu:
807 1957 888 2038 quod
904 1965 1009 2019 autem
1035 1960 1159 2038 permisit

193 2049 304 2109 Ductor
324 2047 472 2128 gentium,
499 2047 561 2106 imo
584 2046 621 2106 ad
649 2044 731 2126 quod
757 2045 897 2108 hortatus*
914 2053 971 2121 est,
999 2049 1160 2110 nuliatenus

105 2175 108 2180 -
193 2144 291 2217 potest
307 2155 373 2198 essa
386 2144 556 2217 peccatum.
574 2137 652 2214 Ergo
667 2136 727 2194 sire
740 2134 844 2215 petitio
860 2136 921 2195 siva
936 2135 1068 2197 redditio
1081 2132 1159 2198 detriti

191 2226 370 2307 conjugatis,
400 2242 490 2286 causa
515 2223 765 2285 incontinentiam
788 2222 918 2296 vitandi,
940 2234 1026 2286 caret
1048 2233 1159 2306 peccato

191 2316 280 2377 ctiam
303 2314 422 2376 reniaii.
454 2311 567 2372 Eadem
594 2312 742 2372 sententia
769 2314 967 2373 confirmatur
994 2315 1159 2376 auctoritate

192 2407 223 2465 S.
237 2402 442 2484 Chrysostomi
457 2402 499 2462 sic
510 2400 673 2482 inquientis
685 2420 692 2459 :
705 2419 771 2481 quoe
782 2401 877 2481 ipitnr
888 2401 951 2482 snit
964 2421 1056 2463 roura
1070 2402 1159 2484 conjn-

190 2492 351 2573 pittanae·
364 2489 533 2552 Paulum...
551 2488 590 2550 Ut
602 2490 805 2573 scortationem
829 2489 963 2563 vitemur,
980 2502 1015 2550 nt
1038 2491 1158 2552 modere-

191 2601 253 2641 rnas
264 2581 478 2662 concupiscenti
480 2598 539 2653 nm,
550 2578 678 2638 contenti
684 2579 916 2657 traorepropria,
929 2577 982 2639 lroe
993 2579 1158 2659 nobisaffcrt

191 2671 380 2751 conjuginm
394 2669 442 2729 tra
462 2670 523 2750 ejus
540 2668 672 2747 fructum
701 2666 752 2725 troc
770 2665 838 2726 inde
857 2666 974 2727 lucram
988 2679 1050 2737 eat:
1065 2668 1096 2729 ria
1114 2668 1158 2728 dor

190 2763 355 2838 qurerenctre
376 2758 501 2839 nuptie,
513 2768 547 2816 at
565 2754 605 2815 od
623 2757 715 2815 uitam
739 2752 847 2835 pudice
874 2756 1019 2834 rependum
1040 2777 1092 2817 nos
1109 2756 1157 2817 dd·

183 2849 289 2928 jacent
306 2847 429 2929 (Homit.
456 2848 549 2927 9).—
577 2847 725 2906 Caeterum
751 2845 820 2905 ticet
847 2844 877 2904 in
904 2863 975 2907 casu
993 2844 1157 2907 intendatur

191 2936 260 2996 tinis
281 2936 477 2996 secundarius
502 2933 698 3007 matrimonii,
717 2951 777 2993 non
792 2934 964 2994 excinditur
976 2943 1079 2995 tamen
1102 2933 1155 3015 pri·

190 3027 315 3101 marina,
332 3043 383 3085 seu
397 3025 530 3084 tiliorum
546 3021 719 3102 generatim
737 3027 767 3081 et
781 3030 865 3082 actus
877 3020 985 3082 saitem
1001 3023 1155 3084 virtualiter

188 3123 240 3176 aut
252 3112 445 3175 habitualiter
459 3111 496 3171 ad
507 3113 604 3171 Deum
616 3109 719 3169 reterri
728 3116 836 3189 potest;
845 3109 972 3190 proinde
984 3111 1060 3172 nihii
1071 3111 1156 3171 obstat

124 3278 126 3283 ι
188 3205 263 3284 quin
290 3204 442 3282 legitimus
465 3202 594 3280 reputari
625 3200 717 3259 valeat
733 3202 755 3258 ².
772 3199 912 3280 Secunda
938 3200 1004 3261 haec
1019 3201 1155 3261 sententia

188 3293 284 3354 mutto
299 3290 483 3371 probabilior
498 3287 571 3348 mihi
583 3286 711 3348 videtur.

229 3386 254 3441 A
269 3380 383 3442 fortiori
396 3378 498 3459 petitio
512 3376 616 3450 debiti,
629 3375 888 3436 tuendaesanitatis
903 3388 1006 3449 causa,
1016 3384 1063 3438 est
1074 3377 1153 3447 licita,

218 3580 241 3628 r.
260 3578 329 3637 rna,
344 3588 371 3627 11⁰
383 3578 438 3627 aaa.

219 3647 242 3698 a.
261 3648 286 3697 a.
301 3649 365 3711 mg„
378 3646 424 3710 n..
437 3652 465 3697 rr
476 3647 531 3697 aaa.
