2362 4094
447 196 540 241 creua
562 198 596 242 n.
644 226 668 260 ⁵„
943 183 999 257 105

17 312 202 392 contingere
218 316 313 392 potest
330 331 337 377 z
358 314 387 377 ll
407 309 527 372 deiectu
542 310 734 372 instrumenti
758 311 912 386 naturalis,
929 317 963 375 ut
975 312 999 373 si

17 401 62 461 vir
78 407 168 461 coeat
183 400 213 460 in
230 416 297 461 rasa
305 402 490 480 praepostero
504 418 510 459 :
522 398 560 461 de
574 418 637 480 quo
648 399 719 460 satis
730 399 863 461 diximus
878 400 908 460 in
922 401 1011 481 prae--

17 488 144 551 cedenti
159 505 304 564 numer03
320 492 351 548 2⁰
369 487 487 550 delectu
512 487 586 550 situs
601 487 757 563 naturalis,
782 493 815 549 ut
844 487 869 549 si
894 489 1003 550 mulier

17 576 271 658 supergrediatur
296 575 405 650 virum,
432 582 485 637 aut
510 576 555 637 vir
576 594 644 637 eam
659 583 821 656 cognoscat
845 595 948 638 averse
971 577 1001 638 in

18 683 91 726 vase
108 663 250 738 naturali,
265 663 304 725 ita
326 671 359 725 ut
386 664 540 744 generatio
559 663 764 744 impediatur,
796 667 912 726 semine
941 684 1002 726 non

18 760 143 816 retento
159 753 235 814 intra
249 771 311 814 vas.
327 752 385 814 Sed
401 771 471 814 cunr
484 752 543 814 hoc
557 772 617 814 non
632 770 751 834 semper
763 753 928 833 contingat,
942 754 1003 816 hoc

20 846 185 922 peccatum
218 841 296 903 inter
325 842 471 921 conjuges
504 859 565 902 non
591 847 636 903 est
660 859 780 921 semper
801 841 1028 921 reputandum

20 929 164 992 mortale.
193 931 237 991 De
251 948 288 992 eo
314 928 422 991 dicturi
437 947 545 990 sumus
568 929 657 1006 inira,
674 930 826 1010 loquendo
848 929 886 990 de
902 931 1003 1010 impu-

19 1018 136 1080 dicitiis
151 1017 229 1079 inter
252 1016 409 1098 conjuges,
425 1016 477 1077 uni
499 1017 589 1078 etiarn
604 1016 714 1079 dicturi
738 1036 844 1079 sumus
866 1016 904 1079 dc
927 1037 1003 1080 ona·
1042 1050 1044 1054 ν

21 1109 128 1168 nismo
143 1108 163 1166 ¹.

470 1288 485 1369 ς
520 1289 556 1349 n.

199 1424 243 1485 De
253 1424 381 1505 peccatis
400 1423 531 1484 lucorr'oe
545 1441 599 1483 non
614 1407 867 1503 consummatae,

64 1575 138 1634 191.
161 1570 216 1631 llla
241 1574 362 1651 peccata
378 1576 449 1631 sunt
475 1569 592 1630 interna
610 1570 654 1630 vel
670 1564 803 1630 externa.
827 1568 871 1627 [te
894 1566 1004 1642 singu-

22 1676 114 1736 list
78 1693 100 1736 u
101 1673 240 1753 triusque
255 1672 367 1753 speciei
380 1678 425 1733 est
438 1670 661 1736 disserendum
825 1677 827 1681 ’

426 1848 573 1902 PUNC‘I'UM
590 1849 609 1898 l.

233 1965 235 1969 ’
303 1980 334 2018 ur:
350 1978 465 2020 racemis
480 1980 592 2019 meamus
605 1979 729 2019 norumn.

38 2118 40 2124 ·
66 2103 139 2161 1111.
162 2098 244 2159 Talia
259 2104 330 2160 sunt
344 2098 541 2174 desiderium,
554 2098 700 2179 gaudium
723 2105 754 2159 et
767 2097 927 2160 delectatio
939 2116 1005 2162 mo-

22 2205 96 2250 rosa
109 2187 149 2247 de
161 2187 251 2248 rebus
265 2187 425 2249 obscoenis.
434 2209 449 2245 ιι
462 2185 651 2248 Desiderium
656 2186 778 2266 rnqurt
793 2188 824 2248 S
844 2186 1004 2266 Lignum,
980 2190 992 2222 ¹

26 2298 42 2334 ιι
65 2281 113 2336 est
125 2275 286 2336 voluntatis
299 2283 384 2337 actus
396 2282 517 2354 tempus
531 2275 667 2336 loturum
679 2274 853 2354 respiciens,
866 2294 927 2354 quo
937 2275 1006 2354 quis

27 2388 42 2424 ιι
64 2362 234 2424 deliberate
248 2348 378 2425 intendit
396 2381 473 2443 opus
486 2363 663 2443 cogitatum,
687 2370 760 2443 puta
777 2362 1006 2424 fornicationem
1075 2438 1077 2443 ,

26 2475 42 2511 ιι
65 2469 304 2527 consummare3
316 2459 344 2514 et
359 2450 417 2512 hoo
429 2450 612 2512 desiderium
627 2449 737 2513 dicitur
756 2454 867 2531 efficax,
884 2451 1007 2530 quando

27 2564 43 2601 ι
65 2541 141 2620 quis
153 2538 253 2600 media
267 2541 391 2619 suscipit
402 2538 441 2600 ad
452 2538 629 2602 ducendum
643 2538 716 2601 illud
731 2539 768 2600 ad
783 2539 971 2614 ellectum3
958 2558 1007 2598 ιιι-

26 2651 43 2686 ιι
64 2629 172 2708 efficax
186 2644 268 2701 vero,
284 2627 308 2687 si
324 2646 385 2689 non
400 2627 684 2708 proponitexsequi,
698 2627 911 2689 sedconsentit
924 2626 1007 2708 quod

26 2722 272 2795 «exequeretur
285 2715 310 2775 si
323 2721 433 2795 posset.
448 2715 625 2777 Econtrario
636 2715 776 2795 pendium
792 2715 912 2795 respicit
926 2734 1006 2794 prae-

26 2828 41 2864 ιι
66 2804 206 2877 teritum,
219 2810 249 2863 et
265 2810 309 2865 est
322 2822 393 2865 cum
416 2804 485 2884 quis
496 2803 552 2864 sibi
566 2805 733 2884 complacet
753 2804 794 2872 de
818 2803 900 2865 malo
915 2822 1007 2883 opere

26 2916 43 2951 ιι
65 2897 198 2977 ριιῑιιηο,Ι
225 2890 390 2954 Delectatio
424 2910 538 2954 morosa
567 2891 700 2972 deniquo
727 2891 847 2973 respicit
874 2910 1007 2972 praesens

26 3004 43 3040 ιι
65 2988 203 3059 tempus,
217 2986 247 3040 ct
260 2988 307 3042 est
318 2980 441 3067 quando
453 2998 506 3061 per
518 2980 763 3060 imaginationem
778 2980 921 3053 fantasiae,
938 2980 1008 3061 quis

26 3091 43 3128 ιι
65 3067 169 3129 reddit
183 3068 238 3128 sibi
255 3086 388 3147 praesens
410 3080 487 3147 opus
502 3068 627 3143 peccati,
649 3087 760 3150 nempe
785 3075 886 3131 actum
908 3068 1006 3130 iorni-

26 3158 43 3218 ιι
66 3156 210 3231 cationis,
227 3163 257 3218 et
271 3157 309 3219 de
321 3157 376 3218 illo
389 3154 556 3218 deliberato
570 3175 722 3241 consensu
744 3156 918 3231 delectatur,
935 3164 1006 3218 tan·

27 3269 43 3305 ι
66 3262 164 3325 quam
179 3244 335 3305 actualiter
346 3236 556 3335 fornicaretur,
572 3234 637 3306 sine
658 3251 760 3307 umen
774 3244 925 3321 desiderio
939 3262 1007 3307 exe·

28 3330 226 3414 aqucndin
716 3375 717 3378 ι

66 3419 237 3489 Delectatio
264 3437 385 3482 morosa
401 3438 513 3483 nomen
528 3439 618 3486 suum
645 3421 772 3501 accepit,
795 3439 856 3482 non
882 3439 900 3482 a
923 3412 1023 3481 mora'
1048 3487 1050 3490 ,

58 3617 85 3665 l.
98 3611 213 3674 Billuart,
226 3611 329 3664 Dissert.
344 3612 368 3675 6,
380 3617 426 3664 art.
436 3612 460 3673 9,
478 3612 537 3665 llico
548 3613 582 3663 1⁰.

57 3687 86 3736 Ξ.
99 3683 168 3734 Libr.
181 3683 205 3745 5,
219 3692 247 3733 ιιο
259 3683 297 3734 15.
