2384 4138
447 207 542 254 error
564 210 597 254 rr.
972 195 1008 253 61

36 350 50 385 «
71 326 173 408 poenis
193 325 382 402 obnoxium,
404 327 428 387 si
453 327 604 407 praedicta
633 326 766 387 infamiae
802 333 853 387 aut
880 326 1012 392 scandali

37 437 51 473 «
70 414 207 495 pericula
222 413 277 474 sibi
298 413 379 476 ultro
399 416 462 496 ipse
482 416 649 495 contingat,
673 414 726 476 ubi
748 431 809 475 non
825 421 896 476 sunt
920 435 926 475 :
950 417 1012 478 imo

37 525 52 561 a
72 501 221 581 intelligat
235 503 330 564 teneri
351 520 383 563 se
402 505 531 583 graviter
549 502 724 581 hujusmodi
744 502 897 583 pericula,
913 523 1013 583 quan-

37 613 52 648 «
72 595 139 651 tum
165 589 196 650 iu
224 608 256 651 se
279 591 346 667 erit,
359 597 545 654 antevertere
563 592 617 666 ‚vel
637 608 814 666 removere,
834 592 1013 672 opportunis

38 677 216 739 «adhibitis
237 678 365 754 mediis,
386 680 467 742 unde
490 679 558 753 irat,
587 687 619 741 ut
641 680 724 740 alteri
748 680 1010 745 cuivissacerdoti

37 765 161 828 «locus
184 771 283 846 pateat
306 765 387 829 illius
411 766 612 830 confessionis
634 767 748 848 absque
772 766 865 828 ullius
886 767 1025 828 infamia·

38 876 54 912 «
72 853 119 914 vel
140 853 283 917 scandalo
303 854 472 917 audiendae.
490 855 616 927 Quodsi
638 855 718 916 idem
734 855 911 917 sacerdos...
929 855 966 916 ad
982 856 1012 916 id

38 965 53 999 «
67 940 245 1021 ¹periculum
257 941 473 1005 advertendum
494 963 627 1024 congrua
643 942 741 1004 media
760 943 901 1006 adhibere
912 943 951 1005 de
963 944 1013 1004 in-

38 1029 189 1091 «dustria
214 1030 394 1110 neglexerit,
410 1037 500 1113 alque
521 1033 561 1093 ita
582 1050 720 1114 personae
738 1031 769 1092 in
783 1031 863 1093 dicto
884 1032 1012 1094 crimine

38 1140 54 1176 «
73 1118 271 1195 complicis...
289 1122 539 1182 sacramentalem
559 1120 781 1182 confessionem
803 1119 958 1199 excipere,
975 1120 1013 1182 ab

38 1229 54 1263 «
72 1224 173 1287 eoque
186 1207 314 1268 crimine
334 1208 556 1272 absolutionem
570 1208 692 1289 largiri,
709 1207 830 1269 nulla...
846 1208 1013 1270 necessaria

38 1316 53 1352 «
72 1312 166 1356 causa
180 1301 320 1375 cogente,
335 1298 571 1379 praesumpserit,
585 1298 722 1377 quamvis
741 1296 912 1376 huiusmodi
925 1296 1013 1358 abso-

38 1406 53 1441 «
73 1382 150 1445 lutio
161 1382 259 1445 valida
270 1384 370 1446 futura
380 1385 428 1458 sit,
444 1384 611 1446 dummodo
626 1391 757 1465 exparte
770 1383 1012 1464 poenitentisdis·

39 1496 53 1530 «
72 1472 243 1552 positiones
257 1475 272 1533 a
287 1472 404 1534 Christo
425 1474 556 1535 Domino
575 1474 612 1535 ad
627 1473 807 1535 sacramenti
826 1473 1013 1554 poerritentiae

38 1585 53 1619 «
72 1561 376 1640 valorem-requisitae
397 1580 459 1623 non
481 1560 669 1623 defuerint...
699 1560 898 1622 nihilominus
913 1579 1014 1623 sacer-

38 1672 52 1707 «
73 1648 131 1709 dos
146 1648 212 1728 ipse
226 1649 353 1725 violatae,
375 1667 450 1711 ausu
465 1648 615 1728 ejusmodi
632 1648 803 1723 temerario,
818 1649 892 1727 legis
907 1667 1014 1729 poenas

39 1760 53 1795 «
74 1754 274 1817 nequaquam
288 1736 410 1818 effugiet
415 1757 425 1811 3
444 1756 479 1799 ac
493 1744 651 1818 propterea
666 1738 754 1798 latam
769 1737 800 1798 in
815 1736 892 1797 dicta
906 1737 1016 1799 consti·

40 1848 53 1880 «
73 1825 194 1886 tutione
209 1825 356 1902 majorem
371 1824 729 1893 excommunicationem.
740 1824 911 1904 eodemque
926 1826 1014 1905 plane

40 1936 54 1969 «
78 1911 185 1992 modo,
198 1930 261 1992 quo
276 1912 387 1977 ibidem
402 1912 586 1989 decernitur,
598 1912 808 1976 Nobisethuic
818 1915 934 1974 Sanctae
944 1914 1013 1975 Sedi

41 2024 55 2057 «
75 2007 265 2061 reservatam
280 2001 481 2063 incurrat...»

77 2092 149 2151 125.
173 2089 218 2149 Ex
232 2087 426 2169 praelatarum
440 2089 694 2153 constitutionum
708 2088 808 2150 verbis
822 2088 1014 2152 manifestum

37 2184 81 2238 est
101 2177 327 2239 absolutionem
349 2177 451 2240 datam
472 2177 614 2258 complici
627 2178 671 2238 ‘in
696 2177 822 2240 materia
849 2178 928 2259 turpi
950 2197 1016 2240 esse

37 2267 169 2328 omnino
190 2266 322 2341 nullam,
348 2284 410 2328 non
433 2272 551 2328 tantum
572 2265 672 2347 quoad
690 2271 778 2346 turpe
800 2265 944 2327 delictum
963 2267 1016 2327 sed

38 2353 140 2434 quoad
156 2359 265 2416 caetera
285 2359 407 2436 peecata
424 2374 430 2415 z
446 2354 598 2426 absolutio,
615 2354 714 2434 inquit
728 2353 865 2416 Pontifex
881 2354 913 2414 in
925 2373 1016 2416 cons-

37 2442 82 2504 tit.
104 2441 327 2505 Sacramentum
339 2444 527 2524 prenitentiae,
543 2445 571 2504 si
583 2462 668 2524 quam
696 2442 874 2523 impertierit
894 2443 1016 2504 confes-

38 2530 136 2593 sarius
147 2530 392 2611 complex‚aalla
406 2541 493 2614 atque
505 2532 595 2592 irrita
610 2531 729 2591 omnino
741 2531 790 2603 sit,
807 2531 1016 2612 tanquamim-

34 2620 152 2699 pertita
170 2637 188 2680 a
209 2619 355 2681 sacerdote
367 2622 421 2700 qrrr‘
431 2620 691 2702 jurisdicticaeioc
704 2618 849 2699 facultate
862 2618 901 2680 ad
918 2619 1018 2681 aalide

38 2706 247 2768 absolvendum
267 2709 431 2769 necessaria
450 2709 590 2789 privatus
614 2708 725 2769 existit.
755 2707 909 2788 Excipitur
929 2726 1018 2770 casus

38 2801 182 2857 extremae
194 2796 390 2872 necessitatis,
405 2795 548 2857 nimirum
570 2796 687 2858 articuli
702 2796 818 2870 mortis,
831 2797 922 2857 modo
936 2793 1017 2858 dcii-

39 2883 97 2945 ciat
112 2883 300 2964 quicumque
311 2884 389 2947 alius
405 2884 558 2958 sacerdos,
573 2883 662 2945 etiarn
680 2902 741 2945 non
755 2885 948 2964 approbatus,
964 2885 1017 2964 qui

10 2980 11 2983 ’
38 2971 265 3033 absolutionem
280 2972 426 3053 impertiri
439 2972 543 3051 possit,
560 2972 616 3032 nisi
632 2972 684 3033 ille
702 2974 841 3053 nequiret
859 2972 957 3034 vocari
971 2973 1017 3034 vel

40 3059 1019 3139 accederesinegraviinlamiaautscandalo.Teneturtamencon-

39 3146 185 3209 lessarius
199 3148 339 3228 complex
354 3147 423 3209 talia
437 3148 570 3228 pericula
584 3147 715 3209 inlamiae
728 3156 779 3210 aut
793 3150 925 3212 scandali
940 3168 1019 3211 aver-

40 3243 113 3311 tere,
126 3235 317 3314 inquantum
332 3242 440 3316 potest,
456 3235 558 3315 aliquo
573 3237 699 3298 honesto
713 3243 898 3318 praetextu,v.
912 3237 1018 3318 gralia,

40 3341 73 3384 se
85 3322 293 3398 absentando;
309 3324 394 3385 etita
408 3323 444 3385 ad
461 3323 490 3384 id
507 3330 628 3386 tenetur
655 3332 688 3386 ut
704 3325 728 3385 si
744 3344 776 3386 se
792 3344 853 3387 non
868 3327 1018 3403 averterit,

39 3410 108 3472 licet
121 3417 199 3471 lunc
220 3411 317 3473 valide
331 3410 553 3473 absolutionem
577 3413 762 3492 impertiret,
781 3431 902 3494 poenam
917 3420 1019 3476 tamen

39 3498 366 3562 excommunicationis
380 3499 503 3580 majoris
518 3502 549 3561 S.
563 3500 634 3562 Sedi
657 3507 839 3563 reservatam
854 3520 916 3562 non
939 3501 1018 3564 effu-

38 3594 132 3668 geret.
153 3587 328 3650 Notandum
341 3606 415 3650 rero
428 3594 472 3649 est
487 3588 582 3668 quod,
598 3588 701 3649 necin
715 3589 779 3650 istis
794 3589 1018 3652 constitutioni-

41 3676 97 3741 bus
112 3693 170 3739 nec
183 3676 303 3756 alibi,in
313 3679 383 3758 iure
393 3675 562 3748 communi,
573 3681 732 3757 peccatum
745 3683 912 3758 turpecnm
923 3694 1022 3739 sacer-

926 3796 959 3844 ²00
