2378 4102
356 203 450 251 annuc
471 184 726 283 innantium.
965 193 1024 252 223

40 316 159 371 tationis
185 315 348 372 declaranda
371 308 413 372 est
437 317 465 370 in
483 317 669 386 confessione,
684 317 754 385 :ltu
774 318 814 371 44
842 316 1025 372 conlessarius

42 397 131 466 possit
141 412 222 450 suum
234 396 260 451 in
272 396 384 451 materia
397 397 469 468 turpi
482 397 643 468 complicem
652 395 804 461 absolvere,
813 397 872 450 424.
888 395 1025 465 Quasnam

41 490 141 545 poenas
155 475 279 531 incurrat
296 474 347 531 lnoc
360 475 475 547 agendo,
493 478 554 544 424,
571 478 632 531 426.
648 478 690 531 Au
705 474 766 530 illas
781 490 876 547 poenas
891 476 1025 543 incurrat,

41 569 109 609 casu
129 572 185 627 quo
212 556 351 629 pcenitens
375 556 529 627 complexa
550 563 662 628 peccato
682 555 877 627 complicitatis
894 555 976 611 luerit
992 556 1026 610 ab

40 632 95 687 alio
119 634 273 703 absolutus,
289 637 350 689 426.
366 637 407 689 An
420 635 543 690 incurrat
557 634 616 689 illas
631 650 727 707 poenas
744 635 766 689 si
779 634 940 706 complicum
954 634 1027 690 duu-

43 721 119 769 taxat
141 713 251 781 audiat,
271 714 347 769 illum
363 730 417 768 non
431 714 607 779 absolvendo,
622 717 682 769 427.
703 714 846 784 Quomodo
860 715 1027 786 intelligatur

42 800 188 863 peccatum
221 802 301 867 turpe
325 793 414 865 quoad
436 794 631 850 confessarium
657 795 829 867 complicem,
850 795 910 850 428.
935 798 977 858 An
999 794 1027 848 iu

41 874 177 928 extremis
196 873 301 929 absolvi
317 874 402 946 possit
427 875 562 946 poenitens
576 890 590 928 a
605 891 656 930 suo
670 874 814 946 complice,
826 874 935 946 quaudo
949 874 1027 930 alteri

42 951 171 1008 confiteri
193 953 305 1008 omnino
321 960 439 1009 recusat.
457 956 518 1008 429.
535 957 576 1008 dn
600 953 634 1009 ab
653 955 788 1032 Episcopo
816 953 923 1009 absolvi
939 954 1029 1009 valeat

41 1031 229 1088 confessarius
249 1033 296 1104 qui
318 1050 397 1087 suum
421 1033 583 1104 complicem
610 1033 667 1104 ipse
688 1033 817 1100 absolvit,
832 1035 893 1087 436.
909 1034 1028 1088 Decen-

43 1110 167 1165 lessariis
188 1112 410 1167 sollicitantibus.
439 1113 467 1166 V.
495 1110 681 1168 Sollicituutca.
712 1110 855 1180 Quomodo
877 1128 907 1167 se
934 1127 1029 1183 gerere

42 1189 144 1244 debeat
164 1190 348 1246 confessarius
370 1208 431 1246 cum
452 1191 594 1263 pollutioni
620 1191 746 1260 assuetis,
764 1192 825 1260 467,
838 1194 901 1262 tut,
923 1198 976 1248 etc.
996 1193 1028 1248 V.

44 1266 169 1323 Pollutiu.
183 1268 326 1338 Quomodo
336 1287 366 1326 se
381 1287 476 1342 gerere
490 1270 588 1328 debeat
602 1286 666 1326 cum
679 1271 834 1343 conjugatis
847 1270 937 1343 quoad
949 1286 1030 1326 usum

44 1349 225 1417 matrimonii,
241 1352 304 1420 346,
327 1352 391 1406 346.
417 1351 589 1421 Interrogare
611 1350 693 1407 debet
718 1350 821 1422 puellae
845 1350 972 1420 gravidas
994 1365 1030 1405 an

44 1427 172 1484 abortum
197 1428 249 1484 sibi
263 1445 412 1501 procurare
430 1430 604 1499 studuerunt,
617 1432 677 1486 327.
691 1431 837 1486 Comment
849 1430 909 1487 doit
919 1445 948 1486 ee
958 1445 1029 1486 con-

43 1505 123 1562 duire
136 1509 162 1563 le
173 1509 333 1564 confesseur
346 1510 393 1582 qui
405 1508 544 1565 ddcouvre
555 1526 603 1582 par
618 1510 643 1565 la
658 1510 812 1566 confession
836 1526 890 1582 que
904 1526 935 1566 sa
950 1509 1030 1584 peni-

46 1593 122 1642 44444
136 1603 191 1642 444
206 1588 310 1644 maride
324 1595 367 1644 est
381 1590 527 1657 enceinte,
542 1592 604 1645 362.

84 1691 246 1766 GouJupulr'u.
268 1693 339 1761 Quid
350 1694 386 1749 sit
399 1693 512 1750 castitas
521 1694 684 1768 conjugalis,
701 1698 727 1749 8.
746 1695 777 1750 V.
793 1693 920 1751 Debitum.

86 1797 223 1871 Goujupee.
244 1800 284 1854 De
295 1799 417 1871 peccatis
428 1799 587 1871 conjugum.
600 1801 632 1855 V.
648 1805 767 1856 Peccata.

86 1895 262 1952 Gouuecrutio.
284 1896 464 1964 Quandonam
479 1898 601 1969 uirgines
614 1898 670 1954 sint
683 1898 861 1956 admittendae
882 1897 916 1955 ad
936 1897 1027 1956 velum

49 1994 274 2064 consecrationis,
291 1996 335 2050 22.

87 2100 184 2173 Copula
198 2099 337 2156 maritalia.
353 2103 394 2158 dn
409 2102 512 2175 polluat
528 2103 681 2172 ecclesiam,
696 2107 758 2160 420.
862 2103 867 2114 ’

86 2528 197 2663 444444νὸ.
230 2529 399 2600 congressus
431 2544 494 2583 cum
523 2527 648 2584 daemone
675 2529 709 2584 ad
736 2528 929 2586 bestialitatem
957 2530 1025 2587 atti-

52 2618 112 2680 net,
136 2612 196 2663 46.

85 2716 180 2773 4444444
201 2711 342 2769 mederum.
364 2712 497 2786 Opiuious
511 2713 548 2768 du
576 2714 662 2768 baron
686 2713 720 2770 de
737 2714 963 2784 Salui-Laurent,
990 2713 1026 2771 da

51 2800 84 2853 lll.
101 2795 134 2851 de
151 2795 303 2859 Goncourt,
316 2800 383 2862 eto,
396 2810 444 2848 sur
458 2793 628 2861 cesdauses,
645 2794 707 2850 222.
719 2793 790 2862 Quid
803 2793 838 2850 de
852 2793 948 2851 iisdem
960 2811 1025 2851 sen·
1111 2792 1113 2796 ’

52 2878 119 2933 tiant
131 2877 187 2929 Ill).
203 2873 330 2942 Bouvier‚
344 2872 419 2928 card.
431 2871 561 2939 Gousset,
582 2874 611 2927 P.
626 2873 714 2946 Gury,
728 2874 758 2927 P.
770 2874 946 2946 Desohamps,
961 2876 1022 2931 223.

53 2958 118 3029 Voy.
131 2954 294 3035 saltationes.

86 3062 198 3119 Debitum
218 3058 362 3133 cunjupulc.
386 3062 500 3133 Propter
509 3062 643 3118 incestum
659 3062 803 3134 privantur
817 3064 950 3134 conjuges
960 3063 1024 3135 jure

53 3142 169 3199 debitum
179 3141 299 3213 petendi,
317 3142 379 3194 444.
390 3143 432 3195 An
453 3148 543 3196 metus
556 3142 709 3197 excusatio
722 3142 856 3210 hoccasu,
870 3145 931 3198 442.
942 3145 984 3198 An
997 3149 1025 3199 et

54 3230 180 3295 quatenus
200 3220 351 3291 ignorantia
375 3228 497 3287 excuset,
516 3222 575 3274 443.
595 3222 747 3293 Episcopus
765 3228 857 3294 potest
874 3221 948 3277 circu
972 3222 1023 3278 hoc

54 3300 270 3374 impedimentum
295 3298 462 3371 dispensare,
477 3302 539 3355 lll.
567 3301 733 3371 Legitimitas
749 3300 834 3356 debiti
860 3302 1021 3371 conjugalis,

57 3385 112 3437 462.
126 3381 181 3434 Ν44
197 3387 238 3434 est
250 3378 405 3434 necessario
428 3378 591 3435 intendenda
613 3380 705 3452 proles
728 3381 754 3433 in
769 3396 820 3435 usu
844 3381 1021 3448 matrimonii,

55 3460 128 3516 modo
149 3459 234 3531 ipsius
252 3459 392 3528 generatio
407 3474 459 3513 non
475 3458 647 3530 impediatur,
664 3461 726 3514 263.
738 3461 780 3513 An
797 3459 877 3515 liceat
897 3458 1021 3516 debitum
1064 3518 1069 3527 ,
1094 3452 1098 3458 ’

9 3566 10 3569 “
56 3550 139 3613 petere
150 3539 205 3593 sola
219 3537 446 3592 incontinentiam
462 3537 564 3592 uitandi
579 3554 671 3604 causa,
688 3539 749 3593 264.
764 3541 806 3593 Au
818 3555 900 3595 causa
913 3540 1021 3596 tuendae

56 3618 178 3684 sanitatis,
191 3618 252 3671 264,
268 3618 308 3670 Au
325 3616 430 3671 licitum
445 3618 481 3671 sit
494 3617 535 3671 uti
545 3616 719 3672 matrimonio
731 3616 765 3671 ad
780 3617 945 3689 voluptatem
960 3633 1021 3687 cap

56 3699 165 3765 undam,
179 3698 240 3751 266.
262 3698 304 3751 An
316 3704 345 3750 et
367 3695 447 3769 quale
463 3697 499 3750 sit
513 3703 655 3769 peccatum
671 3710 798 3751 exercere
814 3702 906 3751 actum
925 3695 1019 3765 conju·
