2362 4094
432 271 437 281 ·
484 246 521 290 ott
543 243 636 292 REBUS
657 245 809 290 nannents.

551 422 699 476 Punctum
716 422 744 472 ll.

225 557 226 560 ’
288 557 319 595 DE
335 556 447 602 LUXUMAE
463 556 630 597 0011ῧῦ11111ϊῆ
646 556 761 596 PEGGATIS
776 555 871 595 coarat
888 556 1015 596 ttttttntlt.

205 675 274 733 151.
291 672 412 741 Gumad
421 672 511 753 prolis
520 673 747 754 generationem
756 679 860 733 natura
878 672 996 752 exigat:
1009 676 1082 733 l⁰ut
1095 671 1142 732 fiat

165 760 341 821 commixtio
353 759 498 841 duorum,
511 763 543 822 2⁰
552 760 622 823 uthi
631 759 693 821 duo
703 760 763 821 sint
776 760 914 838 ejusdem
928 761 1051 840 speciei,
1068 765 1105 823 3⁰
1113 767 1143 820 ut

165 849 226 909 sint
251 866 341 910 sexus
356 847 465 911 diversi
482 848 932 923 11111111(1111111111111,1ο
947 857 1029 911 uteo
1050 848 1142 911 modo

165 943 274 998 coeant
294 937 348 1019 qui
377 938 604 1025 generationem
628 955 791 1018 procurare
817 939 929 1014 valeat,
955 956 991 1000 ac
1015 936 1143 1018 proinde

166 1043 234 1087 eam
251 1044 312 1087 non
327 1026 484 1115 impediat,
499 1024 688 1108 quadruplici
698 1025 1028 1109 modopeccaripotest
1038 1033 1142 1089 contra

168 1122 305 1176 naturam
321 1115 351 1177 in
366 1115 492 1181 materia
507 1113 653 1178 luxuriae:
683 1119 713 1177 l⁰
726 1132 779 1194 per
792 1113 951 1176 mollitiem
965 1133 1020 1177 seu
1034 1115 1142 1177 volun-

169 1204 276 1265 tariam
292 1203 608 1285 pollutionem,t⁰'per
619 1202 841 1273 bestialitatem,
851 1205 884 1262 3⁰
894 1220 947 1283 per
959 1202 1140 1278 sodomum,

168 1296 200 1353 l⁰
215 1311 268 1372 per
282 1291 409 1363 modum
421 1291 474 1373 qui
485 1290 712 1372 generationem
727 1289 882 1372 impediat.
895 1293 969 1362 Quat
979 1298 1141 1373 antequam

168 1380 287 1461 singula
297 1379 518 1465 expendantur,
533 1378 726 1460 praenotanda
736 1380 1096 1461 estsequenspropositio
1108 1380 1142 1441 ab

169 1468 340 1531 Alexandro
366 1471 417 1530 Vll
437 1469 599 1530 damnata:
618 1467 784 1541 Muttines,
813 1465 959 1544 sodomia,
983 1468 1142 1530 terratico

168 1571 236 1620 sunt
256 1567 374 1639 peccota
397 1556 524 1639 ejusdem
546 1557 655 1637 speciei
680 1556 816 1638 infimae:
837 1554 959 1638 ideoque
978 1560 1088 1637 sufficit
1114 1557 1142 1616 in

170 1646 345 1727 confessione
359 1645 495 1723 dicecere
512 1664 685 1727 procurasse
696 1645 899 1727 pollutionem.
924 1647 977 1723 Est
1002 1646 1142 1725 vigesima

171 1742 288 1816 quarta.
306 1734 454 1797 Differunt
467 1753 541 1815 ergo
555 1733 654 1814 specie
668 1731 792 1815 praelata
807 1740 938 1814 peccata.

320 1976 323 1981 y
432 1916 450 1966 l.
466 1944 496 1953 -
507 1916 542 1968 lle
554 1914 659 1967 mollitie
676 1930 720 1966 seu
737 1911 884 1979 pollutione.

215 2049 282 2107 155.
307 2045 437 2109 Mollites
449 2049 494 2106 est
509 2043 637 2123 pollutio
652 2041 874 2122 peccaminosa.
887 2038 1020 2100 Pollutio
1048 2047 1145 2100 111111

173 2133 328 2213 esteffuac'o
340 2133 458 2195 seminis
478 2133 601 2193 numani
614 2142 697 2193 cntra
715 2130 849 2211 copulam
870 2147 918 2188 seu
942 2127 1144 2188 concubitum:

131 2222 133 2229 '
175 2242 267 2304 porro
296 2240 400 2287 samen
426 2228 471 2283 cst
496 2221 607 2282 humor
635 2220 770 2281 viscosus
797 2219 835 2278 ad
856 2217 1092 2295 generationem
1115 2212 1148 2273 ab

176 2313 304 2392 ipsomet
317 2312 455 2372 Creatore
482 2309 663 2370 destinatus:
676 2306 873 2368 essentialiter
892 2303 992 2365 differt
1006 2303 1046 2365 ab
1065 2303 1148 2366 urina

176 2419 244 2480 quae
258 2400 385 2467 secretio
401 2405 444 2461 est
469 2398 683 2459 alimentorum
698 2402 728 2457 et
755 2395 786 2455 in
810 2393 1004 2455 sublevamen
1034 2400 1147 2454 natura

176 2488 424 2568 ejiciendainstar
439 2494 712 2548 excrementorum.
783 2499 786 2504 ·

198 2652 199 2655 Ἴ
219 2581 286 2640 156.
312 2577 441 2641 Pollutio
460 2574 592 2636 differta
609 2573 805 2636 distillatione
828 2590 898 2654 quae
913 2578 958 2632 est
972 2571 1077 2633 fluxus
1095 2572 1147 2632 hu·

178 2667 272 2729 moris
306 2665 464 2746 cujusdam
486 2664 577 2726 medii
599 2664 677 2724 inter
706 2679 810 2724 seman
838 2667 869 2722 et
894 2659 1027 2733 urinam,
1058 2657 1149 2739 magis

178 2755 302 2837 quidem
314 2753 420 2815 viscosi
432 2759 461 2815 et
475 2751 617 2833 glutinosi
635 2768 729 2832 quam
750 2749 849 2823 urina,
864 2748 916 2810 sed
932 2747 1035 2809 minus
1062 2751 1151 2829 quant

87 2916 90 2922 ¹
179 2861 283 2905 semen
298 2841 481 2935 prolificum
498 2859 554 2902 nec
564 2841 656 2901 etiam
669 2839 745 2900 adeo
754 2837 936 2909 vehementi,
951 2835 1005 2897 sed
1016 2837 1075 2897 levi
1089 2845 1148 2898 tan·

179 2940 255 3003 tum,
275 2932 380 2995 imdet
400 2928 583 3011 quandoque
602 2928 717 3008 absque
742 2927 803 2988 ulla
824 2927 924 2988 carnis
949 2927 1150 2986 commotione

179 3020 275 3082 emitti
288 3019 373 3082 solet.

166 3182 169 3188 ¹
221 3114 289 3172 157.
314 3106 548 3187 luntaSaettler‚
572 3103 654 3184 apud
681 3106 718 3164 D.
746 3101 940 3174 noussetom,
964 3119 1028 3163 non
1056 3102 1149 3163 solum

180 3198 377 3279 pollutionem
392 3194 522 3274 experiri
543 3200 672 3274 possunt
694 3191 834 3265 feminae,
860 3198 950 3271 prout
966 3207 1068 3251 mares
1098 3185 1148 3271 (isti

179 3286 306 3369 quidem
320 3293 403 3348 extra
431 3283 604 3346 {irembrum
634 3278 777 3362 genitale,
807 3279 866 3340 illae
887 3278 958 3340 vero
987 3285 1048 3338 tam
1074 3284 1150 3341 extra

180 3393 273 3454 quam
298 3374 376 3434 intra
399 3390 466 3446 vas,
486 3370 623 3452 quamvis
648 3387 717 3431 raro
739 3367 845 3453 extra),
861 3364 1020 3427 sedetiam
1047 3365 1149 3427 nabere

181 3470 307 3543 possunt
331 3461 476 3523 effluxum
492 3459 650 3538 cujusdam
674 3456 810 3519 humoris
830 3451 1149 3517 nonabsimilisdistil·

182 3549 285 3613 lationi
301 3549 504 3629 marium,qui
527 3546 707 3628 plerumque
721 3543 878 3623 titulosque
900 3542 965 3633 ullo
985 3540 1148 3604 delectatio

199 3751 203 3758 '
215 3750 237 3798 1.
255 3751 292 3802 llo
302 3748 463 3802 1111111111.
474 3751 605 3814 precepto,
619 3763 642 3813 p.
656 3746 695 3796 18.
