2384 4138
168 128 207 192 30
488 142 526 189 nu
547 145 640 191 eveus
660 144 814 190 vernaus.

167 265 335 346 cognoscit,
351 270 490 343 stuprum
503 260 783 339 committat3-alii
793 259 944 321 affirmant
957 277 995 321 eo
1007 260 1092 341 quod
1102 261 1140 321 sic

168 352 296 414 violetur
306 352 391 431 virgo
404 369 411 409 :
426 348 477 410 alii
490 348 678 430 probabilius
697 354 821 429 negant,
836 348 907 429 quia
934 348 966 408 in
986 347 1046 410 hoc
1072 367 1140 411 casu

168 459 231 504 non
245 439 331 502 adest
343 439 449 501 fractio
461 437 584 498 claustri
599 437 754 518 virginalis
766 441 787 495 ¹.

207 529 259 590 66.
282 528 405 599 Quaerit.
428 530 458 587 l⁰
471 526 550 597 Quid
565 526 603 586 sit
616 525 837 587 restituendum
851 542 907 605 pro
919 524 1001 585 illato
1016 526 1142 606 stupro‘l

207 620 297 698 Resp.
321 615 375 677 Vel
388 614 549 676 deflorator
564 614 792 677 matrimonium
809 613 947 694 promisit
957 612 1003 674 vel
1015 632 1088 674 nou.
1109 647 1144 660 -

169 707 200 768 Si
222 706 452 767 matrimonium
467 702 613 782 promisit,
631 709 661 764 et
673 703 758 783 virgo
773 702 866 762 libere
880 702 1045 775 consensit,
1061 721 1144 764 com-

169 813 265 856 mune
279 800 323 855 est
348 791 558 853 defloratorem
582 791 620 852 ad
642 791 716 852 nihil
743 791 837 852 teneri
858 808 929 870 erga
955 789 1144 852 defloratam.

170 882 492 945 Controvertiturvero
505 898 543 939 an
561 886 698 941 teneatur
712 878 883 940 satisfacere
898 878 1074 958 parentibus
1092 899 1147 958 pro

170 972 282 1051 inJuria
305 971 378 1050 ipsis
390 969 470 1030 illata
486 988 494 1028 t
522 968 575 1028 sed
591 968 717 1048 ipsemet
744 968 776 1029 S.
791 969 976 1040 Antoninus,
991 968 1046 1047 qui
1067 967 1148 1029 atlir-

171 1066 244 1136 mat,
257 1058 396 1122 concedit
411 1056 449 1118 ad
463 1055 542 1117 hanc
556 1055 790 1118 satisfactionem
801 1074 865 1116 non
879 1055 974 1116 teneri
999 1055 1055 1116 nisi
1081 1065 1148 1136 post

168 1148 279 1228 judicis
291 1147 484 1209 sententiam.
513 1146 621 1206 Peccat
635 1152 738 1205 tamen
752 1145 838 1224 virgo
863 1147 904 1222 (et
925 1153 1148 1225 consequenter

171 1235 346 1317 stuprator),
362 1241 467 1297 contra
490 1235 632 1314 pietatem
647 1233 823 1314 parentibus
843 1233 987 1307 debitam,
1002 1241 1031 1294 et
1056 1236 1146 1297 etiam

171 1333 277 1386 contra
290 1322 504 1398 obedientiam,
519 1323 542 1385 si
557 1321 594 1384 de
604 1322 654 1383 tali
669 1322 796 1384 crimine
813 1320 891 1384 facta
906 1322 964 1403 ipsi
978 1322 1083 1383 luisset
1096 1342 1147 1385 ex-

173 1430 275 1493 pressa
289 1411 485 1492 prohibitio’.
857 1470 859 1475 .

213 1502 260 1560 An
273 1507 374 1562 autem
387 1499 511 1561 violator
524 1499 633 1581 puellae
645 1498 861 1560 consentientis
870 1498 1027 1560 restituere
1042 1499 1149 1562 debeat

173 1588 348 1668 parentibus
365 1589 514 1649 damnum
527 1588 601 1668 ipsis
615 1587 779 1649 obveniens
792 1593 916 1667 propter
926 1586 1029 1673 dotem
1056 1608 1148 1668 quam

172 1695 284 1758 augere
297 1677 409 1739 debent
422 1677 459 1739 ad
481 1676 573 1738 filiam
597 1683 701 1758 postea
715 1676 919 1738 nubendam?
937 1709 974 1720 -
998 1678 1148 1740 Commu-

174 1765 299 1826 nissimb
312 1773 417 1827 contra
431 1765 578 1845 quosdam
592 1770 735 1845 negatur:
751 1764 823 1844 quia
836 1765 962 1826 violator
977 1783 1039 1825 non
1053 1768 1149 1847 inagis

173 1852 206 1914 in
232 1853 290 1915 hoc
312 1853 490 1934 parentibus
513 1853 655 1933 injuriam
680 1853 753 1914 facit
780 1871 873 1932 quam
899 1854 1027 1933 ipsamet
1052 1856 1151 1934 puella

173 1958 253 2020 quae,
269 1943 346 2004 sicut
360 1949 458 2022 potest
471 1959 614 2021 respuere
628 1941 760 2022 nuptias,
773 1947 871 2021 potest
887 1942 1034 2004 seminus
1048 1950 1150 2024 aptam

173 2027 212 2089 ad
224 2029 290 2090 illas
308 2030 446 2090 reddere.

213 2117 326 2197 Excipe
337 2122 368 2178 1⁰
382 2119 407 2178 si
422 2117 466 2178 vir
479 2117 711 2180 deflorationem
734 2118 952 2198 propalaverit3
971 2120 1004 2177 20
1015 2118 1041 2178 si
1053 2118 1151 2183 deflo-

174 2213 255 2265 rator
267 2206 303 2266 sit
314 2206 400 2267 valde
413 2205 496 2268 dives
506 2213 536 2267 et
549 2206 650 2287 puella
665 2223 780 2286 pauper
796 2225 804 2266 z
822 2206 894 2286 quia
909 2213 982 2267 tunc
999 2225 1061 2267 non
1078 2228 1151 2271 cen-

173 2303 256 2353 setur
282 2295 343 2373 ipsa
366 2295 555 2356 consensisse
583 2313 645 2357 suae
671 2292 872 2369 deflorationi,
888 2294 998 2356 nisiex
1017 2297 1150 2374 quodam

174 2390 262 2459 pacto
284 2382 429 2460 implicito
441 2383 713 2463 compensationis;
735 2382 858 2463 quidam
875 2390 977 2443 tamen
992 2383 1104 2446 dicunt
1118 2386 1151 2448 ad

174 2469 204 2530 id
219 2470 391 2531 violatorem
415 2472 606 2531 stilummodo
627 2472 722 2532 teneri
746 2490 784 2531 ex
798 2471 926 2531 oonsilio
940 2478 970 2532 et
988 2472 1134 2552 aequitate
1143 2494 1150 2548 ;

175 2561 206 2618 3⁰
218 2559 241 2617 si
257 2559 294 2618 ud
318 2559 430 2637 aliquid
445 2560 580 2621 dandum
593 2559 769 2639 parent-ibus
781 2559 974 2638 perjudicem
989 2559 1152 2626 damnatus

98 2678 101 2683 >
174 2645 274 2707 fuerit.
292 2647 333 2706 lta
348 2649 377 2707 S.
395 2650 514 2729 liguor.
527 2652 549 2709 ⁵.
566 2680 606 2693 -
619 2647 698 2709 Dicit
721 2652 823 2708 tamen
837 2649 873 2707 D.
898 2645 1034 2709 Carriere
1054 2652 1151 2731 quod,

174 2735 199 2795 si
221 2735 312 2812 judex
342 2736 378 2796 ad
394 2736 507 2816 aliquid
528 2736 664 2812 damnet,
683 2735 782 2815 puella
801 2743 931 2816 nequeat
954 2736 993 2801 id
1008 2738 1152 2814 retinere,

175 2841 211 2884 eo
225 2824 308 2904 quod
322 2822 495 2904 hujusmodi
518 2825 665 2887 sententia
680 2825 791 2886 nitatur
806 2824 880 2886 falsa
896 2824 966 2887 facti
980 2844 1155 2911 praesump·

174 2911 288 2973 tionel.
349 2919 353 2924 “

215 3005 264 3062 67.
289 3003 318 3063 Si
334 3011 434 3064 autem
449 3004 530 3084 virgo
539 3005 577 3078 vi,
589 3003 688 3077 minis,
699 3001 853 3063 fraudibus
864 3001 1156 3081 lueritviolata‚slu·

176 3098 277 3170 prator
288 3098 406 3152 terretur
415 3093 516 3151 omniu
526 3093 637 3151 damna
651 3090 775 3150 honorls
786 3096 813 3151 et
825 3089 1040 3152 fortunaeillata
1050 3113 1155 3172 paren·

176 3177 256 3261 tibps
270 3181 424 3241 resarcire.
442 3181 536 3240 Debet
556 3198 628 3257 ergo
643 3196 755 3255 augore
778 3179 880 3238 dotem
902 3186 936 3239 ut
950 3180 1050 3257 puella
1064 3200 1155 3263 aeque

176 3266 254 3329 bene
268 3269 402 3338 rubetae
412 3270 434 3327 si
447 3268 551 3328 violata
561 3286 621 3328 non
632 3265 751 3328 fuisset:
764 3266 825 3327 imo
838 3267 951 3345 aliquid
964 3268 1154 3352 insuperipsi

208 3431 232 3483 1:
250 3433 412 3494 Descende
427 3434 533 3494 sortiter,
547 3448 586 3498 ap.
601 3434 629 3484 ll.
641 3432 785 3493 Rousselot,
802 3448 826 3497 p.
840 3433 880 3483 37.

208 3503 232 3553 2.
251 3504 405 3585 S3Liguor„
419 3505 462 3555 lib.
476 3505 500 3566 3,
513 3504 606 3565 nostr,
620 3503 679 3554 dub.
694 3506 716 3552 l.

209 3573 232 3694 i]
250 3575 402 3709 lidiuroa,
416 3656 443 3697 no
452 3645 521 3698 rasi.
