2362 4094
181 218 239 277 160
498 232 536 276 on
558 231 650 277 aeuus
669 231 825 278 1111111111.

179 345 321 421 masculi,
338 353 368 407 ct
378 365 432 428 per
448 349 488 409 80
501 345 565 406 dies
577 352 644 426 post
655 346 778 408 feminae
792 353 913 428 partum
926 367 932 407 :
943 365 1006 429 quo
1018 354 1140 429 tempore

179 437 269 498 eliam
286 454 360 498 usus
373 435 558 497 matrimonii
574 436 753 498 interdictus
768 436 860 498 luisse
874 437 1059 516 conjugibus
1070 445 1140 518 puta·

178 533 237 586 tur.
254 526 346 586 Porro
359 525 415 586 etsi
425 524 491 586 haec
506 525 554 587 lex
569 525 686 587 ritualia
695 526 812 587 sublata
835 543 889 605 per
917 543 1028 587 novam
1056 527 1140 605 legem

179 614 281 687 luerit,
296 615 535 675 controvertitur
547 620 649 674 tamen
665 631 703 675 an
717 615 807 674 eliam
835 612 925 674 hodie
949 632 1023 675 usus
1048 614 1139 675 matri·

180 702 276 764 monii
292 703 330 763 sit
350 709 417 781 post
439 708 560 782 partum
584 702 779 778 interdictus3
795 709 825 761 11
846 700 926 762 circa
951 701 1032 763 hanc
1054 721 1142 781 quas-

181 791 298 852 tionem
311 795 373 851 tres
387 799 455 850 sunl
471 790 632 870 opiniones
643 791 715 852 satis
724 789 863 850 identicae
872 806 946 850 cum
958 790 1142 869 praecedentis

181 878 264 939 dubii
278 878 446 940 sententiis.
462 878 594 939 Tertiam
618 895 691 941 vero
704 877 882 957 opinionem
911 896 981 958 quae
1009 886 1095 959 negat
1116 879 1140 937 in

180 966 239 1028 hoc
252 968 358 1029 adesse
370 985 460 1047 grave
470 973 639 1048 peccatum,
656 972 738 1028 tenet
761 973 864 1028 tamen
891 967 998 1027 adesse
1024 965 1140 1035 veniale,

182 1054 213 1118 S.
235 1057 358 1135 Lignor.
380 1062 413 1117 ut
437 1055 671 1135 probabiliorem
700 1063 730 1117 et
763 1054 1006 1116 communiorem
1045 1056 1140 1117 habet:

182 1153 338 1224 peceatum
351 1143 476 1205 mortale
492 1161 553 1204 non
569 1149 704 1223 reputat,
720 1142 792 1224 quia
808 1161 868 1205 uon
884 1148 930 1202 est
944 1143 974 1202 in
998 1143 1057 1206 hoc
1075 1149 1142 1205 tauta

181 1232 350 1295 indecentia
361 1251 431 1313 quae
441 1230 708 1312 lethalemculpam
718 1232 852 1306 inducat3
864 1237 907 1292 est
916 1238 1018 1293 tamon
1027 1231 1140 1303 veniale,
1166 1230 1168 1271 l

182 1323 254 1401 quia
277 1325 413 1383 continet
435 1320 568 1400 aliquam
592 1319 795 1382 indecentiam
820 1338 827 1380 :
850 1320 888 1380 ab
909 1319 961 1380 illa
981 1328 1082 1382 autem
1101 1321 1142 1380 iu·

181 1410 318 1472 decentia
328 1415 451 1471 excusat
464 1427 554 1469 causa
567 1409 703 1482 honesta,
720 1407 889 1489 periculum
900 1427 1012 1486 nempe
1030 1408 1141 1480 dissidii,

183 1498 421 1567 incontinentiae,
436 1503 494 1558 etc.
512 1500 614 1558 Posset
629 1497 720 1558 etiam
734 1496 898 1577 aliquando
912 1496 944 1556 in
968 1496 1028 1558 hoc
1054 1497 1143 1557 adesse

181 1587 273 1666 culpa
288 1587 396 1667 gravis,
414 1587 439 1647 si
452 1604 562 1665 nempe
580 1604 616 1646 111
644 1586 808 1648 concubitu
834 1586 931 1665 gravis
952 1585 1089 1661 morbus,
1105 1584 1143 1646 vel
1168 1578 1169 1613 ³

182 1676 323 1736 notabilis
338 1675 436 1737 morbi
451 1675 622 1755 aggravatio
642 1675 829 1750 immineret,
841 1673 924 1754 quod
933 1675 1065 1734 maxime
1078 1681 1143 1734 esset

182 1763 985 1843 timendumsicoilushabereturstalimpostparlum,
994 1763 1142 1824 veleadem

181 1853 231 1914 die
244 1859 297 1914 aut
305 1860 434 1933 sequen
421 1855 472 1915 ti¹

221 1944 291 2003 284.
314 1943 346 2003 5⁰
360 1940 474 2002 Diebus
484 1939 597 2000 festivis
601 1940 873 2019 ,auljeJuniorum
890 1942 1170 2033 aulrogationum

181 2036 234 2091 aut
246 2030 355 2092 advent
343 2041 402 2104 tus,
422 2048 483 2091 non
494 2040 538 2090 est
551 2032 675 2090 vetitum
689 2029 815 2090 reddere
829 2029 977 2090 debitum.
1003 2032 1046 2090 lta
1070 2046 1144 2090 com-

181 2120 324 2180 muniter.
339 2118 417 2180 Cont
404 2118 578 2179 trovertitur
593 2124 698 2178 utrum
711 2117 800 2178 liceat
811 2126 924 2197 petere
956 2120 1068 2180 Primo
1090 2136 1143 2178 aen·

181 2208 358 2270 tenticdicit
371 2226 437 2268 esse
451 2206 577 2267 velitum
596 2206 653 2267 sub
669 2205 793 2283 veniali3
823 2205 964 2286 hancque
990 2214 1095 2267 tenent
1118 2206 1142 2265 S.

181 2297 323 2372 Thomas,
339 2299 370 2360 S.
390 2302 501 2357 anton.
518 2314 588 2356 curu
599 2296 666 2356 aliis
679 2295 831 2375 pluribus:
842 2296 1021 2374 ratioquam
1029 2296 1110 2357 affert
1119 2297 1142 2354 S.
1170 2334 1171 2347 ,

181 2387 311 2447 Thomas
324 2392 369 2447 est
383 2384 463 2464 quod
476 2396 557 2445 actos
571 2384 816 2458 matrimonialis,
832 2384 966 2464 quamuis
990 2385 1079 2465 culpa
1101 2402 1143 2444 co·

181 2485 258 2550 reat,
283 2484 391 2546 tanim,
406 2473 480 2554 quie
492 2473 640 2534 rationem
648 2472 794 2552 deprimit
803 2474 1088 2554 proptereoroclem
1100 2471 1144 2532 de·

181 2563 374 2636 temtationem,
390 2561 537 2623 hominem
558 2561 656 2622 reddit
677 2560 809 2641 ineptum
835 2560 875 2622 ad
895 2562 1084 2642 spiritualia.
1108 2559 1144 2622 dr

181 2651 244 2712 ideo
258 2656 290 2712 in
302 2651 412 2724 diebus,
427 2650 533 2730 quibus
541 2649 749 2729 spiritualibus
758 2650 911 2730 praecipue
923 2659 965 2711 est
978 2648 1143 2718 coeundum,

181 2759 239 2800 non
253 2739 320 2800 licet
339 2750 439 2820 petere
452 2738 592 2800 deditum.
607 2736 795 2800 —Secunda
809 2739 950 2798 sordentia
963 2737 1145 2801 communior

183 2834 274 2908 negat
292 2845 358 2889 1111
378 2827 532 2903 illicitum,
550 2827 623 2906 quia
641 2827 724 2887 nullo
742 2830 810 2906 jure
833 2826 1024 2906 prohibetur,
1040 2833 1080 2902 et,
1095 2842 1144 2887 nou

182 2916 320 2977 obstante
334 2933 500 2995 congressu
514 2915 662 2989 maritali,
677 2915 796 2995 impleri
810 2921 909 2995 polest
922 2914 1145 2996 praeceptumde
1170 2928 1171 2931 ’

182 3004 408 3066 sanctificandis
417 3004 525 3065 diebus
538 3002 661 3065 festivis.
678 3006 816 3065 Ganones
829 3022 901 3065 vero
922 3010 954 3064 et
977 3007 1032 3065 SS.
1058 3005 1145 3066 Patres

181 3095 234 3176 qui
249 3094 307 3156 hoc
320 3093 467 3153 damnare
480 3090 621 3153 videntur
640 3091 679 3152 de
703 3092 830 3154 consilio
844 3099 916 3153 sunt
931 3092 1117 3174 intelligendi
1127 3094 1144 3146 ¹.

222 3188 291 3253 285.
314 3187 347 3243 1)·ο
369 3181 607 3242 Controvertitur
619 3200 657 3242 an
673 3184 782 3261 copula
796 3182 966 3261 conjugalis
984 3183 1085 3243 olvslet
1101 3182 1147 3241 liu·

181 3274 331 3336 charistiae
344 3269 522 3351 receptioni.
535 3270 745 3332 communiter
758 3276 860 3331 autem
878 3276 1000 3331 tenetur
1025 3290 1092 3332 esse
1108 3286 1147 3328 ve·

182 3363 262 3424 niale
277 3362 299 3422 si
317 3361 425 3440 copula
434 3357 581 3419 habeatur
590 3377 681 3420 causa
694 3359 865 3437 voluptatis,
881 3359 953 3437 (ruia
964 3360 1050 3420 adest
1062 3361 1091 3421 in
1103 3359 1148 3419 hoc

180 3449 365 3513 indecentia.
382 3451 424 3508 lta
440 3465 507 3527 cap.
524 3447 563 3507 Si
576 3449 700 3509 circam
711 3449 849 3527 propriu,
873 3448 968 3509 Causa
995 3452 1048 3527 33,
1073 3468 1103 3529 q.
1117 3450 1146 3506 l:

210 3636 213 3641 '
231 3672 237 3685 .
255 3633 282 3755 ξ
301 3633 412 3698 Lignum,
428 3630 496 3693 ibid,
509 3632 606 3682 noeto.
660 3662 663 3668 -

213 3637 237 3754 ἑ.
264 3706 282 3755 ’.
301 3704 413 3768 Liguor..
428 3701 498 3764 illd,
511 3712 539 3753 u⁰
552 3703 598 3754 923
636 3752 638 3755 .
