2378 4102
200 167 258 226 ter
521 180 559 226 oa
579 180 846 229 mensurnorum.
884 127 887 131 .

193 338 197 343 =
237 298 327 376 Resp.
351 298 459 360 Perse
481 297 540 360 hoc
561 304 607 361 est
627 299 764 370 mortale,
779 305 810 362 et
827 301 954 382 quitata
975 308 1078 384 patrat
1095 303 1158 367 rein

195 385 346 448 homicida
361 391 407 448 est
419 387 589 459 habendus,
607 387 693 469 juxta
708 408 736 451 e.
750 388 788 451 Si
805 389 929 471 uliquis,
947 391 988 454 De
1002 392 1169 459 homicidio

198 475 321 536 Certum
348 481 447 536 tamen
471 475 600 538 habetur
619 477 736 539 licitum
760 495 826 539 esse
846 479 981 559 praebere
1004 481 1172 553 remedium

196 564 378 642 praegnanti,
393 562 506 626 directe
519 564 638 627 adeam
653 566 832 640 curandam,
848 566 939 628 etiam
955 587 1028 630 cum
1040 569 1171 649 periculo

195 650 319 713 abortus
342 651 433 715 foetus
461 652 634 731 inanimati,
649 672 720 717 casu
747 673 809 735 quo
835 655 963 718 morbus
985 665 1065 718 esset
1094 675 1172 719 mor·

195 739 273 801 talis
453 751 456 757 ’

238 832 285 888 An
313 834 428 906 autem,
445 830 475 891 in
490 847 562 893 casu
587 831 755 910 supposito,
769 832 858 894 liceat
882 849 1005 895 sumere
1030 832 1081 895 vei
1103 830 1170 895 dare

195 917 365 978 remedium
380 918 493 980 directe
519 919 557 980 ad
571 919 788 1000 expellendum
812 920 919 982 tartum
943 922 1085 983 nondum
1108 922 1169 984 ani·

198 1011 334 1080 matum,
359 1009 616 1068 controvertitur:
647 1007 754 1068 Primo
778 1009 920 1070 sententia
948 1009 1079 1071 affirmat
1103 1028 1169 1073 eum

199 1094 345 1169 Sancbez,
360 1097 505 1174 Layman,
520 1095 634 1175 sylvio,
653 1097 734 1171 Vive,
751 1104 823 1172 etc,
836 1099 910 1177 quia
923 1117 996 1159 cum
1020 1099 1069 1159 ille
1084 1098 1168 1162 foetus

196 1184 234 1243 sit
260 1201 329 1262 pars
356 1184 518 1257 viscerum,
534 1202 596 1245 non
619 1190 741 1247 tenetur
764 1193 859 1247 mater
874 1187 966 1247 vitam
994 1192 1166 1267 praesentem

196 1272 353 1352 negligere
376 1273 414 1332 ad
428 1273 607 1335 servandam
631 1272 762 1335 futuram
785 1276 875 1336 vitam
905 1275 1021 1355 prelis,
1042 1275 1167 1337 maxime

195 1377 279 1432 eum,
295 1367 442 1440 pereunte
457 1368 569 1434 matre,
583 1360 672 1423 foetns
688 1363 814 1425 minime
834 1363 1031 1425 animabitur.
1061 1364 1168 1445 Excipit

195 1467 267 1510 vero
281 1448 417 1510 Sanchez
426 1449 450 1510 si
463 1448 592 1511 dubium
608 1451 644 1511 sit
659 1469 697 1512 en
712 1450 801 1514 toetus
813 1452 852 1512 sit
865 1451 1029 1526 animatus,
1047 1454 1167 1534 quiaest

195 1537 359 1599 intrinsece
375 1538 489 1599 matum
504 1539 699 1601 innocentem
722 1540 848 1620 positive
862 1559 1023 1621 exponere
1039 1541 1166 1623 periculo

198 1627 313 1689 mortis.
757 1677 761 1685 .

157 1708 160 1713 ’
241 1713 376 1777 Secundo
390 1715 532 1776 sententio
545 1716 741 1778 communior
760 1724 851 1795 negat
864 1736 870 1775 :
885 1716 957 1797 quia
967 1717 993 1777 si
1006 1734 1164 1800 numquam

198 1802 284 1864 liccat
300 1802 427 1882 rejicere
441 1820 558 1879 semen,
570 1803 660 1864 etiam
686 1804 723 1865 ad
749 1810 880 1866 mortem
906 1805 1075 1880 vitandam,
1091 1810 1166 1867 tento

198 1891 299 1951 minus
314 1892 431 1966 toetum,
445 1891 496 1969 qui
508 1899 552 1952 est
564 1890 630 1952 vitae
642 1892 785 1954 humanre
801 1892 1012 1973 propinquior,
1024 1894 1165 1975 expellere

195 1979 274 2041 ticet.
286 1982 348 2041 Nec
358 1978 417 2038 dici
428 1978 617 2041 vatetfoetum
628 1980 830 2041 inanimatum
840 1997 906 2042 esse
918 1991 1039 2067 partem
1053 1982 1162 2044 matris:

196 2086 266 2129 nam
294 2066 495 2147 respondetur
522 2068 630 2130 fretum
657 2086 719 2130 non
747 2068 951 2148 pertineread
966 2069 1163 2151 integritatem

194 2157 330 2238 corporis
352 2157 491 2232 materni,
508 2157 560 2218 sed
591 2175 656 2218 esse
678 2157 849 2218 inchoative
869 2157 1046 2220 distinctum
1063 2159 1163 2220 indivi-

194 2243 301 2307 duum.
315 2279 352 2292 -
366 2246 482 2308 Liceret
493 2251 595 2306 tamen
610 2245 724 2307 directe
747 2245 899 2325 expellere
913 2245 1025 2307 foetum
1046 2266 1164 2328 corrup

194 2339 271 2410 tum,
288 2334 436 2414 quianon
456 2339 534 2394 esset
555 2332 687 2414 amplius
699 2351 792 2413 capax
807 2332 1011 2394 animationis.

234 2422 308 2496 Etsi,
321 2423 408 2501 Juxta
422 2424 453 2484 S.
472 2422 621 2501 Lignor.¹,
639 2427 767 2502 utraque
781 2421 928 2483 sententia
943 2421 982 2480 sit
996 2423 1163 2503 probabitis,

194 2510 257 2588 ipse
272 2518 372 2572 tamen
384 2516 487 2573 censet
500 2509 680 2584 secundam,
690 2516 723 2572 ut
737 2511 890 2583 tutiorem,
905 2527 971 2571 esse
983 2512 1162 2593 amplecten-

192 2600 280 2674 dam3
297 2604 327 2661 et
346 2600 459 2680 absque
473 2599 588 2661 ratione
611 2598 709 2678 prima
732 2605 908 2661 teneretur:
936 2597 977 2658 ud
988 2602 1065 2679 quid
1076 2601 1161 2672 enirn,

193 2688 301 2768 inquit,
317 2687 391 2748 uelle
400 2707 513 2749 sumere
520 2686 713 2768 pharmacum
727 2686 838 2757 directe
852 2687 892 2748 ud
899 2686 1134 2766 repellendum
1152 2722 1161 2732 ·

193 2784 267 2852 tom,
283 2794 346 2835 cum
356 2778 447 2855 possit
460 2784 487 2838 et
502 2775 639 2856 sufficiat
650 2775 793 2837 indirecte
806 2775 922 2856 expelli
932 2782 948 2835 t

233 2864 295 2925 Etsi
329 2864 436 2937 mulier
459 2874 580 2945 experta
604 2863 707 2926 fuisset
735 2883 797 2924 non
824 2882 889 2925 esse
918 2865 1085 2944 parituram
1113 2863 1160 2927 nisi

191 2971 261 3014 cum
287 2971 398 3032 magno
413 2953 548 3034 periculo
561 2955 678 3029 mortis,
694 2953 768 3032 ipsi,
786 2955 871 3032 juxta
886 2954 1071 3016 sententiam
1085 2972 1160 3017 corn·

192 3059 330 3114 nrunem,
343 3060 403 3102 non
433 3042 534 3103 liceret
558 3040 672 3102 directe
692 3040 841 3121 expetiere
858 3039 976 3116 toetum,
995 3044 1069 3123 quie
1083 3043 1159 3105 toetus

192 3149 254 3191 non
281 3137 325 3191 est
349 3148 481 3209 praesens
503 3147 652 3210 egressor,
677 3147 748 3191 cum
777 3128 947 3209 periculum
972 3130 1011 3190 sit
1038 3133 1158 3195 muitum

190 3217 315 3293 distans,
329 3223 358 3277 et
371 3218 480 3278 mulier
493 3236 527 3278 ex
544 3216 600 3277 alia
615 3234 707 3277 causa
721 3222 818 3296 potest
832 3217 953 3277 iuterim
972 3218 1072 3281 obire.
1091 3220 1157 3281 Prae·

191 3315 284 3381 terea,
302 3305 338 3382 si,
355 3324 391 3366 ex
405 3305 564 3388 communi
579 3305 740 3380 sententia,
755 3323 912 3384 nunquam
935 3305 1023 3367 liceat
1048 3325 1157 3370 sumere

191 3395 343 3471 potionem
367 3394 404 3454 ad
426 3392 657 3473 conceptionem
681 3392 929 3473 impediendam,
954 3413 973 3455 a
994 3393 1111 3458 fortiori
1126 3394 1157 3458 ud

191 3478 296 3539 foetum
310 3478 522 3558 expellendum
536 3478 567 3538 id
577 3496 639 3538 non
651 3479 729 3540 iicet..

223 3657 246 3703 r.
265 3656 319 3708 nra.
329 3659 352 3717 a,
365 3660 401 3707 na
413 3658 467 3722 aaa,
481 3659 536 3709 aar.
