2384 4138
442 160 536 208 error
556 162 592 206 11.
969 146 1007 206 33

21 272 240 354 disparitatem
254 273 447 354 ignoraverit,
455 268 527 355 quia
541 275 585 334 vir
600 292 661 334 non
675 280 793 335 tenetur
804 274 871 353 plus
885 274 1010 336 reddere

22 369 125 442 quam
154 362 238 441 petiit
264 361 396 437 mulier;
420 381 528 441 porro,
554 364 584 422 in
612 362 687 423 lacta
713 362 883 441 hypothesi,
900 362 1011 424 mulier

22 449 157 528 expetiit
168 455 285 510 tantum
302 449 421 530 nuptias
435 467 506 510 oum
520 451 585 511 viro
599 449 705 510 similis
715 450 897 510 conditionis
909 471 916 523 ;
931 451 1011 512 unde

22 537 143 599 sufficit
167 537 249 616 quod
271 537 316 597 vir
330 545 405 599 tuno
430 537 577 598 damnum
599 544 727 617 reparet,
745 538 878 617 puellam
900 539 1012 601 scilicet

22 624 178 700 dotando,
191 627 237 686 vel
253 625 308 707 ipsi
323 625 511 705 providendo
525 627 739 686 convenienter
752 625 790 685 de
806 627 928 706 nuptiis.

70 711 119 774 An
132 719 234 789 autem
243 715 288 774 vir
298 721 435 774 teneatur
448 713 485 773 ad
501 713 653 774 damnum
666 715 927 795 compensandum
940 734 1012 776 casu

24 821 95 883 quo
109 801 230 882 puella,
253 802 293 862 ob
307 800 512 880 disparitatem
529 803 683 880 cognitam
706 810 758 862 aut
784 803 823 862 ob
837 803 911 864 alias
937 822 1013 863 con-

22 891 178 969 jecturas,
194 889 404 969 deceptionem
426 889 552 970 potuerit
575 890 752 970 perciperet
764 924 801 936 -
815 890 879 951 Hoc
890 898 1014 951 contro-

24 979 183 1045 vertitur;
207 977 356 1037 sententia
378 984 480 1038 autom
508 995 621 1058 negans
645 987 769 1039 vocatur
790 977 973 1058 probabilior
997 999 1014 1037 a

26 1068 60 1127 S.
82 1065 249 1145 Lignorio¹
268 1112 276 1140 ‚
296 1064 496 1144 eamdemque
519 1071 601 1125 tenet
628 1067 659 1127 S.
675 1066 806 1127 Thomas
828 1066 893 1127 loco
925 1067 1015 1129 modo

25 1155 139 1230 citat0,
156 1161 186 1214 et
200 1160 263 1214 tute
276 1153 306 1213 in
319 1153 403 1233 praxi
420 1154 513 1214 teneri
528 1159 635 1232 potest.
717 1178 722 1188 ·

72 1245 126 1302 72.
151 1241 280 1320 Excip:
305 1244 338 1301 2⁰
353 1240 414 1301 Nisi
434 1259 472 1300 ex
493 1242 685 1302 matrimonio
708 1242 856 1321 pessimus
877 1242 1017 1301 timeatur

26 1330 178 1399 excitus3
207 1329 243 1401 si,
259 1347 286 1389 v.
304 1348 348 1408 g„
365 1327 466 1407 puella
488 1337 632 1390 noscatur
656 1330 747 1389 nimis
762 1330 848 1402 levis,
862 1328 907 1389 vel
930 1330 954 1387 si
980 1346 1018 1388 ox
1072 1365 1077 1371 ,

28 1417 235 1479 matrimonio
255 1415 420 1477 exorienda
446 1417 505 1475 sint
533 1434 643 1496 magna
666 1417 826 1487 scandala,
846 1418 919 1478 rixae
941 1416 1018 1476 inter

27 1505 302 1584 consanguineos;
326 1504 388 1565 imo
402 1504 425 1564 si
450 1522 484 1564 ex
501 1503 551 1564 illo
566 1505 698 1567 dedecus
719 1506 876 1573 obveniret
899 1504 1018 1566 familias

27 1595 114 1670 viri:
134 1612 197 1654 non
225 1599 378 1654 teneretur
404 1594 459 1653 isto
486 1592 524 1652 ad
551 1593 624 1654 tales
651 1594 785 1674 nuptias,
807 1594 924 1669 etiamsi
951 1611 1019 1654 vera

28 1683 128 1745 luerit
159 1682 318 1761 promissio
344 1681 540 1754 matrimonii,
565 1681 633 1759 quin
661 1681 835 1763 hujusmodi
860 1681 1019 1762 promissio
1053 1720 1056 1724 -

28 1777 119 1833 esset
131 1770 171 1831 de
197 1788 229 1830 re
255 1769 367 1843 illicita,
383 1787 418 1829 ac
433 1768 559 1848 proinde
573 1769 656 1830 nulla
670 1791 679 1846 3
692 1775 786 1849 potest
797 1770 921 1850 quidem
935 1770 1020 1849 virgo

29 1859 185 1921 deflorata
207 1857 316 1934 valide,
330 1858 469 1937 quamvis
497 1856 611 1930 illicite,
625 1859 798 1919 condonare
812 1852 875 1920 viro
900 1858 1020 1937 obliga-

27 1948 155 2009 tionem
170 1946 355 2007 matrimonii
369 1946 528 2025 promissi,
553 1948 607 2007 etsi
622 1965 658 2008 ex
673 1946 895 2008 condonatione
908 1944 1021 2009 insama

30 2035 165 2097 familiae
191 2053 253 2096 suae
281 2034 443 2106 obveniat,
469 2034 607 2113 eoquod
628 2035 678 2114 jus
694 2034 802 2096 habeat
826 2035 1021 2096 matrimonio

31 2115 237 2185 renuntiandi
251 2144 259 2193 3
274 2122 326 2182 sed
339 2120 384 2181 vir
399 2122 503 2200 nequit
516 2139 547 2181 se
561 2121 695 2201 obligare
710 2122 740 2181 io
751 2121 885 2183 dedecus
900 2122 1020 2187 familiae

32 2211 184 2292 propriae,
200 2211 270 2290 quia
286 2227 436 2290 nusquam
453 2215 549 2288 potest
563 2228 628 2270 esse
651 2209 806 2270 vincutum
825 2210 862 2270 ad
877 2210 1021 2288 injuriam

30 2300 127 2361 alteri
143 2298 346 2377 irrogandam.
363 2297 504 2358 Validuur
520 2305 621 2358 tamen
639 2307 718 2358 esset
742 2299 970 2359 matrimonium
990 2299 1021 2360 in

33 2389 122 2450 facta
136 2385 309 2466 hypothesi,
325 2386 464 2465 quamvis
479 2385 614 2447 illicitum
629 2389 649 2445 ².

79 2478 135 2536 73.
160 2474 290 2554 Excipt
315 2476 347 2535 3⁰
360 2473 423 2534 Nisi
437 2474 516 2534 solos
531 2481 628 2535 tactus
651 2474 788 2535 habuerit
802 2493 871 2535 cum
895 2475 1021 2554 uirgine,
1054 2522 1059 2526 -

35 2562 141 2625 modo
168 2562 223 2641 ipsi
247 2568 344 2623 tactus
369 2567 422 2622 aut
443 2560 655 2623 familiaritates
678 2581 738 2622 non
762 2564 970 2632 innotescant,
986 2583 1023 2624 ex

32 2669 107 2733 quo
133 2651 262 2725 eveniat,
279 2656 322 2724 ut,
350 2649 373 2710 si
396 2667 456 2709 non
482 2649 585 2724 nuliat,
613 2649 767 2711 infamiam
795 2650 894 2730 puella
923 2651 1024 2713 subire

34 2739 164 2801 debeat.
179 2737 265 2798 Ratio
280 2737 402 2818 estquia
422 2737 477 2797 soli
494 2744 590 2798 tectus
601 2739 824 2817 proportionem
838 2757 899 2800 non
913 2737 1025 2800 habent

34 2845 116 2890 cum
129 2843 223 2887 onere
238 2826 369 2888 ducendi
385 2824 415 2886 in
433 2826 672 2901 matrimonium,
687 2834 717 2887 et
731 2828 798 2887 ideo
813 2827 921 2888 mulier
938 2827 1023 2889 tacite

37 2916 144 2997 potuit
159 2913 369 2994 promissionis
385 2912 538 2974 fictionem
551 2913 714 2975 advertere.
729 2917 866 2975 Attamen
878 2916 901 2976 si
916 2915 1024 2977 mulier

36 3011 124 3067 esset
154 3003 272 3077 nobilis,
301 3009 381 3063 etex
396 3000 597 3062 illistactibus
622 3003 753 3064 multum
779 3003 935 3082 deturpata
957 3022 1033 3070 mar

38 3100 157 3165 neret,
185 3091 298 3172 injuria
331 3090 387 3171 ipsi
410 3089 488 3151 illata
509 3090 633 3170 aequalis
658 3108 723 3152 esse
748 3098 846 3171 posset
869 3091 1023 3170 promissis

36 3180 194 3263 nuptiis&
610 3212 613 3219 ·

83 3273 139 3330 74.
163 3267 293 3346 Excip:
318 3269 352 3328 4⁰
366 3269 427 3331 Nisi
449 3269 494 3328 vir
508 3268 560 3347 qui
584 3269 724 3348 cognovit
748 3268 891 3329 seminam
913 3276 1024 3348 putans

123 3497 196 3557 totu,
212 3495 272 3546 dub.
282 3497 306 3547 3.
453 3557 454 3560 ¹

122 3568 152 3618 S.
170 3568 282 3634 Lignea,
298 3567 365 3628 inte,
378 3579 410 3618 nt
420 3569 475 3618 645.

123 3639 152 3690 S.
166 3637 278 3703 Ligure,
290 3638 334 3689 lib.
347 3638 372 3701 ³,
384 3650 413 3688 ur
423 3637 477 3688 6t5.

79 3501 104 3549 l.

75 3571 102 3620 Ξ.

76 3640 103 3691 3.
