2384 4138
441 238 446 245 ,
465 184 558 231 ctrur
578 187 601 231 1.
1007 176 1026 232 o

45 294 217 358 voluntarie
228 296 353 377 polluta,
367 298 405 359 sit
419 300 450 361 in
463 301 619 381 proposito
630 301 729 363 taliter
742 301 952 383 permanendi,
970 302 1027 363 nisi

46 384 245 446 matrimonio
256 387 421 465 Jungatur:
436 396 464 448 et
472 389 529 450 hoc
539 390 631 451 modo
639 390 747 470 puellae
755 390 876 452 nubiles
885 391 1028 453 dicuntur

45 471 198 550 virgincs3
220 473 268 534 vel
283 492 338 551 pro
354 475 476 555 speciali
494 477 602 538 virtute
616 496 633 537 a
648 478 784 539 castitate
799 477 957 552 distincta,
977 480 1026 540 cui

44 561 191 620 convenit
212 561 351 622 definitio
373 581 463 642 supra
486 565 577 626 allata
599 568 620 639 ¹,
637 566 674 626 ad
695 584 787 645 quam
811 566 914 627 reduci
937 568 1027 627 etiem

44 646 124 709 valet
138 666 175 710 ea
191 651 223 709 S.
251 650 411 729 Augustini
425 669 492 732 cap
518 657 574 724 t3,
591 654 626 714 de
646 654 835 734 or'rpr'nr'tcte,
859 653 908 715 ubi
930 655 1026 716 dicit:

49 737 109 796 rln
121 754 217 817 earne
233 738 418 817 corruptibili
432 739 824 821 incorruptionisperpetuae
833 742 1026 807 meditatio».

86 827 137 886 15.
155 823 203 886 Ad
214 825 414 904 virginitatem
425 834 571 908 tanquam
586 829 963 905 virtutemconsideiatam,
976 850 1029 911 per

45 911 193 972 accidens
207 931 239 973 se
254 912 342 974 habet
356 913 510 991 integritas
529 916 639 991 carnis,
656 916 766 997 illaque
781 918 846 978 sinc
859 917 915 978 ista
930 927 1029 998 potest

47 998 237 1062 subsistere:
262 1018 333 1062 casu
350 1019 458 1081 nempe
473 1022 553 1083 quo,
577 1004 604 1064 vi
631 1011 683 1066 aut
697 1004 793 1080 aliter,
814 1005 888 1066 citra
903 1001 1028 1068 omnem

46 1104 252 1163 consensum,
269 1089 433 1151 destruitur
447 1091 602 1171 integritas
623 1091 752 1153 membri
774 1092 914 1173 genitalis
935 1113 942 1153 :
964 1112 1026 1156 non

46 1176 144 1257 magis
163 1176 224 1239 hoc
245 1176 333 1239 dictae
356 1178 456 1241 virtuti
471 1180 645 1262 praejudicat
660 1198 753 1260 quom
772 1181 796 1241 si
820 1188 1027 1262 amputaretur

47 1279 161 1325 manus
175 1270 229 1325 aut
242 1284 306 1346 pes.

88 1354 138 1411 l6.
159 1352 324 1431 Objecturn
350 1354 503 1417 materiale
522 1355 639 1417 virtutis
662 1355 842 1435 virginitatis
861 1361 909 1417 est
933 1354 1027 1417 absti—
1085 1379 1088 1383 ’

48 1439 152 1501 nentia
167 1459 185 1502 a
200 1441 398 1506 delectatione
410 1462 538 1505 venerea
556 1443 734 1505 voluntario.
752 1443 943 1524 Propositum
958 1462 1028 1505 rero

47 1527 127 1588 atati
141 1523 342 1594 delectatione
354 1531 522 1594 abstinendi
537 1531 568 1592 in
581 1538 762 1612 perpetuum
777 1531 879 1592 haberi
895 1530 985 1593 debet
995 1532 1026 1592 in

48 1631 82 1676 ea
97 1621 133 1677 ut
154 1615 281 1679 turmale
293 1626 324 1681 et
336 1619 572 1681 constitutivum.

89 1707 139 1766 Π.
167 1706 322 1768 amittitur
343 1715 444 1770 autem
459 1706 525 1769 haec
540 1708 644 1782 virtus,
656 1725 716 1767 non
732 1708 832 1769 solum
847 1726 900 1788 per
914 1708 1026 1770 volun-

49 1792 158 1853 tariam
171 1792 371 1872 pollutionem
392 1803 443 1858 aut
464 1814 649 1857 consensum
664 1795 694 1856 in
709 1795 940 1858 delectationem
960 1815 1028 1859 car-

50 1879 164 1954 nalem,
188 1882 241 1942 sed
258 1903 310 1962 per
324 1884 496 1964 simplicem
513 1901 697 1946 consensum
720 1884 751 1944 in
772 1902 836 1945 rem
849 1903 1026 1962 veneream,

49 1968 141 2029 ctiam
157 1969 275 2032 seclusa
291 1973 460 2052 pollutione
472 1979 524 2035 aut
539 1971 761 2046 delectationc;
782 1981 816 2032 ut
829 1973 854 2034 si
869 1974 937 2053 quis
951 1973 1027 2034 sim-

50 2055 169 2134 pliciter
183 2065 327 2121 statueret
340 2060 466 2134 nubere,
481 2071 535 2122 aut
548 2059 704 2134 fornicari,
720 2068 769 2122 aut
783 2068 907 2140 tangere
922 2062 1026 2143 impu-

49 2144 128 2207 dice.
150 2168 166 2205 a
190 2149 265 2220 Quia
280 2157 363 2222 tunc,
378 2150 477 2230 inquit
497 2149 627 2211 Billuart
648 2146 740 2228 (Ictu.
757 2156 814 2209 art.
835 2153 865 2210 5.
882 2149 954 2210 Dico
968 2151 1026 2231 2⁰),

53 2253 69 2290 n
88 2233 221 2296 delicita
236 2238 390 2317 proposito
404 2244 552 2319 perpetuo
562 2237 732 2297 abstinendi
747 2238 785 2297 ab
796 2238 880 2299 omni
896 2256 928 2299 re
940 2257 1028 2301 vene-

54 2341 69 2377 «
89 2340 154 2396 rea,
172 2325 203 2384 in
215 2343 277 2406 qno
289 2326 345 2387 sita
357 2334 401 2387 est
413 2325 741 2405 virginitatisrirtusn.

90 2415 141 2474 l8.
157 2414 280 2485 Quaerit.
289 2418 395 2478 Utrum
407 2415 565 2495 virginitas
573 2414 693 2489 amissa,
702 2420 850 2494 quatenus
863 2422 910 2475 est
922 2413 1027 2491 virtus,

51 2499 149 2579 possit
164 2503 364 2583 recuperarit

88 2591 182 2671 Resp.
200 2593 250 2653 Vel
266 2593 305 2654 ita
329 2593 476 2655 amittitur
490 2600 543 2666 ut,
568 2593 660 2654 etiam
680 2589 782 2671 quoad
795 2592 960 2672 principale
981 2593 1027 2654 sui

51 2679 224 2750 materialis,
236 2680 325 2742 luerit
337 2680 503 2761 deperdita,
518 2681 543 2741 si
558 2698 668 2762 nempe
681 2679 846 2760 contigeret
860 2680 1028 2761 praesertim

51 2767 221 2829 voluntaria
235 2769 373 2850 pollutio,
388 2776 417 2829 et
431 2775 504 2830 tunc
519 2767 690 2850 recuperari
709 2768 824 2847 nequit,
841 2768 1027 2848 qualiscum-

51 2871 110 2933 que
134 2862 293 2937 peragatur
307 2858 485 2938 poenitcntia
502 2878 508 2918 :
526 2859 595 2937 quia
612 2857 699 2937 periit
719 2863 805 2928 tunc,
816 2856 907 2945 etiam
927 2856 1028 2938 quoad

52 2943 228 3023 principale,
246 2946 399 3008 materiale
419 2945 614 3026 virginitatis,
629 2945 742 3007 scilicet
764 2945 952 3026 incorruptio
973 2963 1027 3007 scu

52 3028 229 3094 immunitas
242 3034 280 3095 nb
304 3035 387 3097 omni
412 3033 621 3114 experimento
640 3032 850 3094 delectationis
870 3052 1025 3107 venereae,

52 3134 118 3196 quae
139 3120 223 3183 adest
248 3121 278 3182 in
303 3121 487 3184 resolutione
506 3123 656 3195 seminis,
684 3128 714 3183 et
742 3121 827 3184 nulla
851 3122 1026 3202 poenitentia

52 3205 168 3270 efficere
181 3209 259 3270 valet
268 3210 350 3288 quod
365 3211 422 3272 hoc
434 3211 587 3273 materiale
600 3211 775 3272 reviviscat:
794 3215 890 3291 potest
903 3211 1027 3291 quidem

52 3294 142 3371 Deus,
160 3298 202 3358 ait
220 3299 252 3360 S.
269 3297 400 3359 Thomas
417 3298 457 3379 (ᾖ.
479 3304 509 3375 2,
525 3318 556 3379 q.
570 3303 638 3372 152,
655 3317 682 3359 a.
700 3303 731 3373 3,
748 3299 786 3360 ad
800 3300 847 3378 3),
872 3317 926 3380 per
940 3299 1029 3360 mira-

53 3382 156 3445 culum
171 3404 310 3466 reparare
324 3387 527 3467 integritatem
542 3389 653 3461 carnis,
670 3387 724 3448 sed
745 3386 844 3448 facere
863 3387 1026 3468 nequitu,

53 3472 102 3549 qui
117 3472 286 3536 voluntarie
296 3472 434 3556 expertus
446 3484 488 3537 est
501 3476 692 3556 voluptatem,
703 3494 760 3535 non
774 3474 869 3554 fuerit
878 3483 1025 3554 copertus.

54 3558 122 3622 Non
134 3562 212 3622 enim
228 3563 306 3625 Deus
314 3572 414 3644 potest
432 3564 530 3645 [mere
544 3576 576 3626 ut
591 3584 624 3625 ec
642 3563 802 3645 quaefacta
814 3570 882 3624 sunt
898 3581 956 3622 non
968 3564 1029 3623 rint

54 3645 133 3726 (octo
144 3667 156 3710 r
173 3668 245 3714 cum
257 3669 328 3714 vero
339 3652 513 3734 recuperari
528 3657 660 3733 nequeat
671 3652 765 3713 virtus
779 3650 846 3712 sine
858 3666 915 3710 suo
930 3657 1025 3709 mato-
1063 3688 1065 3692 2
