2362 4094
287 185 477 233 msseererro
497 187 529 232 ιι.
553 183 647 230 curus
667 185 713 229 ιιι.
933 172 990 231 llll

10 298 34 363 *a
50 325 108 365 non
134 307 332 368 resumant...
359 316 387 369 et
405 307 441 369 de
458 316 548 368 morte
572 304 706 389 conjupis
729 307 823 369 adbuc
840 308 992 369 existimet

19 414 32 451 r
48 393 112 457 sibi
126 393 334 470 dubitandum,
348 397 377 457 ei
386 417 454 479 quoe
467 396 527 457 sibi
540 397 649 476 nupsit,
666 396 791 458 debitum
806 417 863 457 non
874 397 993 478 denepet

11 488 32 539 ῑι
48 483 225 562 postulanti,
241 484 322 563 quod
338 504 400 546 ase
415 497 517 546 tamen
542 485 659 545 noverit
679 485 852 546 nullatenus
868 484 993 563 oxigon-

18 591 31 629 ι
49 571 170 633 dum.»
198 574 285 634 Ratio
304 580 359 648 est,
375 574 472 655 inquit
490 576 520 635 S.
546 574 667 653 liguor.
685 576 707 650 ¹,
732 574 832 654 «nula
853 574 883 634 in
897 572 993 635 dubio

19 680 32 717 r
51 677 147 722 nemo
161 661 326 743 privandus
339 669 385 724 est
397 681 452 724 suo
459 664 527 741 jura
542 667 625 723 certo
635 661 717 742 quod
730 661 810 723 bona
824 661 884 723 tide
899 661 993 741 possi-

18 768 32 805 ι
49 748 114 820 (let,
126 755 159 811 ut
169 750 374 813 communiter
383 751 564 813 docentDl).
577 768 648 812 cum
660 751 816 812 Sanchez..
829 750 991 824 Salmant,

19 856 33 893 (ι
50 843 110 898 etc.
128 859 144 894 ι)

50 926 88 987 Et
104 925 175 999 hoc,
192 927 290 1006 pergit
303 926 396 997 idem,
411 927 529 989 etiamsi
542 926 620 988 adsit
642 926 747 1006 opinio
762 926 926 1006 probabilis
937 945 993 1007 pro

10 1010 203 1076 ¹invaliditato
218 1015 343 1078 secundi
364 1015 562 1094 matrimonii,
576 1014 650 1097 quio
666 1015 730 1077 ulla
745 1015 823 1076 adsit
842 1033 897 1096 pro
911 1017 992 1094 eJus-

15 1100 82 1163 dem
107 1105 222 1180 valore,
250 1105 322 1184 quia
337 1105 490 1167 secundus
511 1105 557 1167 vir
572 1122 634 1165 non
657 1109 703 1166 est
725 1103 923 1184 expoliandos
937 1123 994 1166 suo

14 1189 77 1267 iure
93 1199 181 1254 certo
195 1193 251 1254 nisi
266 1193 412 1256 habeatur
424 1193 572 1255 certitudo
585 1192 622 1254 de
637 1192 694 1253 vita
709 1191 798 1273 primi
812 1192 870 1257 ,viri
887 1212 894 1251 :
911 1193 993 1272 quod

17 1279 161 1358 probatur
174 1300 241 1361 cap.
259 1282 464 1362 inquisitioni,
480 1281 515 1342 de
533 1288 654 1343 sentent.
671 1300 826 1356 excomm,
849 1280 900 1343 ubl
914 1280 993 1343 dioi-

16 1368 81 1429 tur:
102 1391 119 1426 a
144 1369 336 1450 inquisitioni
357 1377 417 1432 lues
445 1370 679 1449 respondentes,
707 1367 859 1431 credimus
886 1368 994 1430 distin-

21 1476 35 1513 «
53 1457 224 1538 guendum,
240 1465 343 1520 utrum
357 1458 431 1520 alter
450 1453 617 1538 conjugum
637 1475 692 1538 pro
705 1465 788 1519 certo
805 1458 881 1520 scint
894 1458 993 1540 impe-

21 1565 35 1601 «
53 1545 230 1607 dimentum
243 1546 392 1626 conjugii,
408 1565 446 1607 an
463 1565 524 1607 raon
536 1547 611 1608 sciat
626 1564 679 1627 pro
691 1553 785 1623 certo,
799 1546 852 1607 sed
866 1546 968 1608 credat
985 1567 992 1607 ε

21 1653 36 1691 r
53 1634 203 1714 inprime
224 1653 308 1711 casu,
320 1635 409 1698 debet
424 1636 524 1717 potius
535 1634 857 1697 excommunicationis
869 1643 993 1698 senten·-

21 1742 35 1779 ι
52 1722 125 1784 tiam
137 1724 293 1786 humiliter
307 1725 466 1801 sustinere,
479 1743 570 1807 quam
579 1742 633 1806 per
642 1724 763 1786 carnale
774 1727 995 1787 commercium

22 1821 217 1891 «peccatum
244 1814 363 1894 operari
381 1814 522 1881 mortale;
547 1814 579 1875 in
605 1811 752 1889 secundo,
779 1812 996 1894 distinguimus

22 1920 36 1956 a
55 1901 278 1964 utrumbabeat
287 1901 506 1964 conscientiam
519 1900 694 1980 hujusmodi
705 1920 742 1963 ex
753 1900 929 1964 credulitate
940 1902 996 1965 levi

24 2010 37 2044 o
56 1991 270 2066 ettemerariau
287 2009 325 2052 an
341 1990 490 2072 probabili
503 1995 531 2052 el
547 1990 677 2051 discreta
693 2010 700 2050 :
717 1996 746 2051 et
758 1989 882 2069 quidem
898 1990 994 2054 adsui
1073 2034 1076 2040 -
1118 2035 1122 2041 -

23 2098 36 2133 u
56 2079 185 2158 pastoris
202 2078 376 2154 consilium,
399 2079 586 2153 conscientia
601 2078 674 2140 levis
689 2085 719 2138 et
741 2079 908 2140 temerariae
929 2097 998 2140 cre·

24 2187 37 2222 a
55 2164 191 2228 dulitatis
205 2165 340 2246 explosa,
357 2166 437 2228 licite
460 2172 566 2244 potest,
583 2185 644 2228 non
669 2166 768 2227 solum
789 2164 925 2240 reddere,
943 2168 996 2229 sed

25 2273 37 2309 t
56 2255 179 2334 exigere
190 2254 493 2336 ‹lebitumconjugale
499 2254 997 2334 3veromoumconscientiapulsat

25 2343 196 2404 raoimurn
212 2361 250 2404 ex
272 2343 448 2405 credulitate
471 2342 620 2424 probabili
644 2348 674 2405 et
697 2341 838 2411 discreta,
858 2342 997 2423 quamvis

25 2451 38 2487 u
57 2449 120 2491 oon
138 2430 269 2493 evidenti
283 2441 313 2493 et
325 2431 494 2504 manifesta,
510 2430 645 2513 debitum
661 2429 783 2511 quidem
797 2430 926 2491 redrlerc
940 2450 997 2511 po·

25 2539 38 2574 r
56 2524 125 2592 test,
142 2519 194 2580 sed
207 2520 358 2600 postolare
373 2538 434 2582 oon
449 2518 549 2596 debet,
565 2537 604 2580 ne
616 2521 647 2580 in
663 2519 806 2580 alterutro
824 2520 870 2581 vel
891 2528 997 2584 contra

26 2627 38 2663 r
56 2607 159 2687 legem
174 2609 321 2690 conjugii,
336 2608 382 2671 vel
395 2615 499 2671 contra
514 2608 613 2690 legem
622 2607 814 2670 conscientiae
828 2609 997 2674 committat

28 2716 41 2751 r
59 2696 247 2757 offensam.»

58 2784 148 2869 ldem
159 2791 277 2846 constat
292 2804 328 2847 ex
344 2788 378 2848 D.
394 2785 532 2848 Thomu·
550 2807 556 2847 :
578 2795 661 2846 «uin
679 2784 765 2847 babet
780 2786 919 2867 (conjux)
932 2807 998 2850 eer-

22 2878 77 2934 tunr
87 2874 245 2934 scientium
258 2872 293 2934 de
307 2875 513 2956 impedimento
526 2875 723 2947 matrimonii,
735 2886 785 2935 eut
807 2876 996 2958 opinionem:

22 2961 45 3019 a·
62 2960 274 3042 primumcum,
292 2981 343 3024 nec
356 2964 474 3043 ceipene
495 2982 548 3024 nec
566 2962 685 3025 reddere
700 2962 804 3039 uatem
821 2966 849 3025 si
861 2966 995 3042 secundo,

23 3046 98 3111 debet
114 3048 244 3126 reddere,
255 3050 306 3111 sat
314 3071 370 3110 non
388 3053 516 3133 arripere.

58 3143 130 3201 268.
154 3140 342 3219 supponitur
364 3147 465 3201 tamon
487 3139 567 3219 quod
594 3140 668 3201 alter
689 3142 799 3219 conjux
822 3142 930 3204 babeat
948 3144 998 3223 jus

24 3226 142 3303 petendi
157 3248 164 3299 ;
179 3227 261 3287 unde
287 3246 417 3307 sponsus
429 3229 582 3303 dubitans,
605 3235 768 3309 antequam
783 3231 878 3310 possit
900 3231 997 3311 depo-

25 3331 92 3376 nere
104 3314 232 3376 dubium
242 3317 263 3390 ³,
275 3334 336 3378 non
349 3325 445 3397 potest
460 3316 586 3378 reddere
598 3316 732 3379 debitum
742 3319 839 3398 primo
851 3319 996 3395 bimestri,

52 3491 75 3541 l.
93 3490 168 3547 litt..
179 3500 208 3540 n⁰
219 3491 275 3542 903.

53 3563 75 3612 2.
93 3563 120 3611 ln
132 3563 156 3621 l,
175 3563 232 3611 dist.
246 3563 285 3619 ll,
297 3578 321 3627 q.
342 3561 423 3622 unica,
438 3567 483 3611 art.
498 3563 520 3610 i.

53 3635 75 3684 3.
95 3634 180 3692 Sccus,
200 3634 314 3696 deposito
335 3633 412 3684 dubio
437 3640 493 3695 post
517 3632 681 3682 sufficientem
711 3632 863 3700 diligentiam
886 3633 997 3693 (Sancto,

28 3703 65 3755 tib.
78 3705 102 3766 i,
116 3705 180 3771 disp.
195 3704 235 3762 il,
250 3707 277 3752 11⁰
289 3704 328 3765 48,
345 3705 369 3754 in
386 3703 457 3762 linei.
