2384 4138
435 292 439 299 ·
467 277 561 321 uarur
582 275 617 320 11.
991 266 1029 323 tr

30 391 377 461 secundustantum‚et
388 391 509 470 quidem
524 390 731 464 rarissime,ad
745 392 966 453 restitutionem
977 392 1034 453 erit

30 479 300 553 obstrictuseurn
316 479 466 540 rarissime
482 479 639 559 contingat
652 478 734 558 quod
748 478 879 540 advertat
894 479 931 539 ad
947 481 1030 560 peri·

28 569 150 631 ouium
170 566 394 628 incertitudinis
417 568 509 648 protis
523 571 543 626 ¹.
572 567 683 627 Parum
698 566 822 646 quidem
839 586 963 648 aequum
984 569 1031 630 vi-

27 658 128 719 detur
145 655 233 737 quod
245 655 276 729 ti,
299 656 351 735 qui
367 662 448 717 certe
472 657 515 717 rei
530 664 598 717 sunt
616 655 781 735 injustitiae,
801 656 837 717 ad
858 656 929 716 nibil
946 657 1027 718 obti-

30 751 176 825 gentur,
205 746 268 805 imo
282 744 320 804 ab
334 744 442 806 alenda
457 747 548 806 etiam
561 744 643 824 prote
659 744 827 806 adulterina
847 745 1029 822 eximantur,

28 834 86 896 sed
113 833 180 893 hoo
195 850 249 912 per
271 832 412 894 accidens
431 835 541 894 evenit.
559 833 652 894 Nobis
674 839 776 894 tamen
804 833 923 895 videtur
947 836 1029 915 quod

30 922 116 983 bene
142 927 217 1001 aget
238 928 310 981 tune
329 921 532 982 corriessarins
546 921 735 1002 imponendo
749 921 893 984 adniteris
914 923 1029 1004 aliquid

32 1028 90 1090 per
107 1009 244 1071 modum
267 1009 451 1089 poenitentiae
465 1008 503 1070 ad
517 1009 740 1088 reparationem
778 1009 884 1071 damni
920 1012 1028 1073 marito

32 1098 128 1160 ittati.

75 1196 174 1257 Circa
190 1194 329 1256 eamdem
342 1193 542 1274 quaestionem
558 1193 645 1255 atiter
658 1195 792 1256 sentiunt
804 1194 938 1256 Carriere
952 1199 975 1271 ⁸,
992 1197 1025 1258 P.

31 1284 124 1364 Gury
142 1285 155 1318 ³
171 1290 201 1344 et
210 1282 312 1361 ptums
323 1281 373 1342 aiii
388 1300 458 1341 eum
475 1281 558 1359 ipsis,
581 1281 717 1344 dieentes
731 1288 896 1363 utrumque
910 1281 1028 1346 adulte-

32 1391 110 1435 rum
135 1370 298 1437 teneriad
322 1370 544 1445 restitutionem
561 1368 626 1449 ¹pro
649 1376 825 1451 tampade,
858 1372 927 1451 quia
946 1380 1028 1435 uerte

30 1460 195 1522 damnum
218 1464 262 1520 est
284 1457 356 1538 ipsis
379 1456 604 1538 imputandum,
630 1458 736 1519 eodem
753 1459 844 1520 modo
857 1477 893 1520 ac
914 1460 938 1521 si
958 1461 1028 1540 quis

31 1548 165 1611 oeeisus
190 1552 286 1620 esset,
307 1555 336 1607 et
354 1545 541 1610 dubitaretur
560 1564 630 1607 ana
652 1548 742 1608 Petro
755 1547 800 1609 vet
816 1567 833 1609 a
847 1548 950 1624 Panto,
973 1549 1026 1612 sed

31 1644 122 1700 certe
149 1636 190 1697 ab
215 1636 359 1697 atterutro
385 1633 488 1695 fuisset
504 1636 634 1710 occisus,
651 1635 697 1695 isti
712 1636 773 1699 duo
793 1643 968 1698 tenerentur
988 1639 1025 1699 ad

31 1724 328 1805 compensationem
343 1722 527 1784 damnorum
537 1741 574 1783 ex
590 1723 640 1783 tati
655 1723 819 1786 homicidio
833 1733 1024 1787 secutorum:

33 1815 88 1877 sed
115 1813 187 1875 baeo
202 1813 276 1873 ratio
293 1830 354 1873 non
376 1812 542 1885 convincit,
558 1830 629 1873 eum
648 1811 686 1874 de
706 1813 761 1874 isto
775 1813 931 1893 posteriori
953 1833 1025 1877 casu

34 1910 101 1965 tam
120 1908 224 1981 potest
232 1899 363 1962 dubitari
377 1917 469 1980 quam
482 1898 520 1961 de
533 1899 636 1973 priori.
852 1912 857 1921 ·

76 2003 133 2062 98.
160 1999 283 2070 Quaerit.
309 1999 341 2087 3⁰
363 1998 509 2068 Quaenam
521 1996 580 2057 sint
594 2002 728 2083 propter
746 1997 926 2060 adulterium
958 2018 1023 2061 res-

38 2085 214 2149 tituenda?
244 2082 246 2087 ’
337 2086 340 2099 ’
663 2094 677 2105 ’”
916 2126 925 2139 x

78 2184 177 2261 Resp.
194 2184 225 2241 t⁰
241 2179 456 2243 Refundendos
468 2197 533 2241 esse
549 2186 687 2260 sumptus
698 2199 775 2259 quos
790 2179 858 2242 tecit
874 2182 1023 2261 putativus

35 2277 149 2350 pater,
179 2269 236 2329 nisi
259 2268 357 2349 protes
378 2266 548 2329 adulterina
572 2269 658 2329 ilium
680 2267 856 2330 indemnem
869 2268 986 2331 fecisset
1000 2276 1020 2332 ⁸.

77 2365 363 2435 2⁰„Rrstituendum
379 2385 444 2427 esse
464 2366 554 2428 etiam
577 2386 631 2448 pro
651 2367 815 2430 hereditate
836 2387 927 2450 quam
947 2371 1024 2433 obti-

37 2456 108 2515 nuit
125 2452 228 2536 proles
251 2453 420 2517 adulterina
445 2472 482 2516 ex
502 2462 585 2535 patre
603 2456 746 2537 putativo,
762 2466 813 2518 aut
835 2477 872 2518 ex
887 2459 1023 2536 ejusdem

35 2542 279 2604 ascendentibus
295 2541 391 2604 :bona
406 2543 487 2605 enim
503 2543 544 2604 sio
555 2544 773 2606 transmissaex
787 2564 888 2608 errore
901 2565 1024 2627 prorsus
1082 2615 1086 2622 ,

35 2649 73 2692 ae
91 2629 223 2711 proinde
247 2631 369 2692 nultiter
383 2639 452 2693 sunt
466 2632 591 2709 collata,
611 2639 639 2693 et
662 2633 778 2695 adulter
792 2642 820 2696 et
832 2634 967 2696 adultera
986 2656 1022 2698 ex

35 2737 70 2781 se
82 2726 116 2781 et
141 2737 205 2780 non
226 2718 326 2781 sotum
346 2738 400 2800 per
425 2721 567 2782 accidens
581 2728 653 2782 sunt
666 2740 756 2784 eausa
775 2740 830 2784 cur
849 2722 1022 2801 hujusmodi

37 2807 142 2890 tegata
152 2813 207 2893 aut
221 2806 410 2871 hereditates
423 2809 461 2870 ad
471 2809 657 2872 adulterinos
671 2809 841 2874 deveniant.

80 2903 193 2978 Ouoad
213 2923 283 2985 vero
303 2903 483 2968 hereditates
496 2907 601 2988 spurio
618 2906 704 2969 datas
722 2909 870 2971 aeaeteris
889 2929 1023 2973 consan-

39 2995 168 3074 guineis
183 3001 235 3056 aut
248 2993 288 3056 ab
300 2994 459 3070 extraneis,
477 3014 537 3057 non
553 3002 672 3057 constat
686 3013 737 3057 eas
753 3014 820 3058 esse
831 2998 869 3058 ab
881 2998 1024 3063 adulteris

40 3083 300 3165 compensandus,
315 3083 449 3164 quiaisti
468 3102 529 3145 non
544 3084 683 3145 videntur
699 3102 736 3144 ex
749 3103 782 3148 se
811 3105 901 3149 eausa
915 3087 1022 3170 huJus-

42 3171 129 3233 modi
143 3172 362 3249 donationum,
379 3172 431 3234 sed
450 3178 568 3233 tantum
589 3190 642 3252 per
656 3173 812 3247 accidens,
828 3174 867 3237 de
881 3194 942 3255 quo
958 3178 1023 3240 vide

42 3259 136 3338 plura
156 3259 237 3340 apud
253 3261 283 3321 S.
305 3261 427 3340 Liguor.
445 3270 456 3297 ⁸
472 3279 541 3341 quae
554 3260 711 3322 irraniteste
722 3263 898 3343 analogiam.
914 3264 1024 3328 babent

76 3483 99 3531 1.
121 3486 147 3531 S.
163 3480 274 3545 bigttor.,
289 3480 329 3529 tib.
344 3481 367 3539 3,
385 3491 411 3528 n⁰
425 3481 478 3530 658.

73 3553 98 3601 ⁶2.
118 3553 155 3602 De
166 3552 271 3613 justitio,
286 3562 313 3600 n⁰
325 3551 394 3600 1386.

75 3623 97 3671 :t
121 3622 309 3685 Compenditnn,
326 3629 342 3669 t.
359 3621 375 3678 t,
390 3621 482 3669 n0‘133.

76 3695 98 3741 t.
119 3693 237 3751 Cernere,
254 3693 286 3743 De
294 3695 399 3756 mestitia,
415 3702 440 3739 nss
459 3692 526 3739 tttst.

79 3765 94 3809 5
125 3762 181 3811 Lib.
195 3762 218 3819 3,
234 3764 268 3810 nis
280 3764 335 3821 63²2,
348 3763 402 3812 633.
