2378 4102
256 586 401 662 TABLE
439 577 800 678 ALPHABETIQUE.
849 597 852 602 ’

371 835 682 865 mannen—w

515 1121 542 1176 Δ

61 1276 194 1333 Aburius.
216 1276 287 1346 Quid
300 1277 336 1333 sit
354 1285 382 1333 ct
400 1277 573 1349 quandonam
595 1278 678 1336 foetus
698 1283 789 1339 anima
810 1286 937 1357 donetur,
949 1293 1012 1358 317,

26 1358 91 1410 318.
113 1356 206 1412 Media
217 1355 317 1428 quibus
332 1365 495 1428 procuratur
505 1358 627 1424 abortus,
644 1362 706 1414 319.
717 1365 759 1416 Α1
769 1365 858 1435 Matri,
874 1367 902 1421 in
917 1371 1013 1425 mortis

26 1435 158 1504 periculo
173 1436 341 1503 constitutae,
356 1435 437 1491 liceat
457 1452 566 1492 sumere
587 1438 736 1497 remedium
747 1442 781 1496 ad
799 1444 904 1503 directe
915 1450 1012 1521 expel-

26 1511 146 1570 lendum
167 1515 265 1572 loetum
282 1514 472 1583 inanimatum,
487 1514 550 1571 320.
577 1518 618 1572 An
635 1518 686 1573 boc
706 1520 758 1592 ipsi
776 1524 869 1578 saltem
884 1526 966 1582 liceat
979 1528 1012 1584 ad

27 1590 141 1651 directe
157 1593 307 1650 sanandum
318 1594 454 1664 morbum,
466 1595 514 1650 sed
530 1612 593 1651 cum
608 1598 728 1669 periculo
739 1617 774 1656 ue
786 1613 916 1676 sequatur
931 1607 1015 1664 abor-

26 1679 72 1728 tus
98 1675 188 1730 foetus
205 1674 332 1742 animati,
355 1677 417 1739 321,
442 1676 504 1730 322
531 1675 699 1743 Quibusnam
723 1683 812 1752 poenis
832 1685 1013 1758 subjiciantur

26 1750 162 1808 abortum
182 1761 372 1825 procurantes,
391 1755 453 1809 323.
475 1757 517 1808 An
534 1770 629 1826 poenas
645 1757 787 1816 incurrant
803 1763 871 1836 ipsae
885 1768 1013 1823 mulieres

26 1847 92 1900 quae
130 1832 183 1887 sibi
205 1832 330 1887 abortum
353 1841 512 1905 procurant,
539 1836 600 1889 321.
625 1839 667 1890 nu
697 1838 852 1897 incurratur
876 1845 1011 1918 irregula-

28 1910 101 1966 ritas
121 1913 151 1966 in
170 1910 254 1967 dubio
275 1927 309 1966 an
325 1911 407 1968 loetus
422 1913 459 1968 sit
473 1928 558 1969 necne
569 1915 716 1985 animatus,
733 1921 795 1975 325.
812 1923 903 1980 Poenae
919 1927 1010 1983 tataea

23 1987 89 2056 jure
105 1991 182 2046 civili
197 1998 292 2046 contra
316 1991 443 2047 abortum
462 2001 651 2064 procurantes
668 1998 730 2052 326.
760 2000 859 2058 Puellae
879 2006 1010 2075 gravidae,

26 2076 114 2126 caute
129 2069 240 2142 quidem
265 2069 313 2125 sed
333 2070 428 2126 sedulo
447 2079 511 2127 sunt
526 2072 727 2143 interrogandae
752 2093 787 2133 au
811 2081 938 2138 abortum
958 2085 1009 2140 sibi

26 2162 182 2216 procurare
195 2148 363 2218 studuerint,
384 2151 446 2206 327.
469 2151 549 2207 Soius
560 2169 615 2223 quc
628 2153 741 2211 doivent
755 2158 832 2214 avoir
844 2158 884 2217 los
900 2163 1010 2221 lemmes

27 2228 174 2284 enceintes
184 2227 299 2285 d'e'viter
312 2229 351 2284 les
365 2237 559 2299 avortemeuts,
571 2234 632 2288 333.

61 2355 209 2412 Absolutio.
231 2360 273 2413 An
287 2365 316 2414 ct
333 2366 469 2431 quatenus
482 2361 571 2416 valida
591 2362 627 2417 sit
647 2363 782 2424 absolutio
800 2370 863 2427 data
881 2377 1007 2448 complici

28 2432 55 2488 in
70 2437 187 2492 materia
200 2437 285 2509 turpi,
299 2439 361 2506 121,
376 2441 438 2494 125.
459 2442 501 2494 An
530 2442 658 2499 sacerdos
683 2448 770 2517 possit
787 2449 883 2508 audire
911 2463 938 2510 et
956 2458 1007 2513 ab·

28 2516 321 2588 solvercpoenitontes
342 2519 491 2591 complices
506 2528 652 2594 postquam
678 2525 724 2580 isti
753 2529 788 2583 ab
815 2531 868 2587 alio
895 2533 1007 2592 fuerunt

27 2592 146 2651 absoluti
174 2612 190 2650 a
227 2603 339 2667 peccato
369 2599 582 2671 complicitatis,
608 2610 683 2659 etan
705 2609 830 2678 expediat
844 2619 875 2667 ut
896 2616 1006 2672 eosdem

27 2675 198 2741 poeuitentcs
210 2673 298 2731 adhuc
310 2675 402 2733 audiat
413 2678 441 2733 iu
451 2679 632 2750 confossione,
647 2685 708 2740 126.
720 2688 890 2748 Anincurrat
901 2711 1007 2752 excom-

27 2752 244 2811 municationem
256 2756 384 2812 sacerdos
398 2760 523 2830 complex
545 2761 681 2818 audiendo
697 2767 870 2844 complicem,
882 2774 929 2831 sod
942 2793 1005 2833 eum

27 2846 83 2888 non
97 2831 351 2903 absolvendorum

60 2965 310 3038 Actorooojapolis.
325 2968 356 3023 V.
373 2938 500 3026 Debitum.

61 3090 236 3147 Adulterium.
258 3091 329 3159 Quid
344 3093 389 3162 sit,
401 3097 444 3149 86.
462 3097 511 3151 Est
524 3099 642 3170 speciale
652 3103 773 3167 ‚luxuriae
787 3121 929 3180 peccatum
941 3133 1005 3187 gra-

28 3170 180 3238 vissimum,
195 3172 241 3238 87,
255 3174 297 3227 88.
321 3173 380 3228 Etsi
395 3176 495 3246 conjux
517 3193 629 3251 compar
647 3186 802 3257 assentiret,
818 3195 862 3248 88.
886 3193 1004 3254 Gravius

27 3260 69 3306 est
81 3249 246 3305 adulterium
269 3267 331 3305 cum
347 3255 493 3324 conjugata
511 3260 703 3332 commissum,
722 3269 765 3321 89.
791 3271 880 3330 Minus
902 3278 1004 3334 verosi

28 3330 216 3385 committatur
231 3342 293 3385 cum
309 3331 411 3389 infideli
425 3336 582 3408 conjugata,
593 3343 636 3396 90.
656 3343 827 3403 Adulterium
840 3353 927 3417 adest,
940 3357 1003 3414 licet

28 3410 230 3479 matrimonium
241 3411 276 3465 sit
290 3411 422 3468 duntaxat
436 3422 525 3470 ratum
541 3436 546 3471 ε
565 3419 619 3474 imo
634 3423 803 3493 probabilius
816 3430 905 3490 adbuc
923 3452 1003 3493 com-

28 3489 145 3544 mittitur
166 3506 216 3561 per
241 3489 393 3546 sodomiam
418 3509 481 3549 oum
502 3498 612 3570 propria
638 3517 736 3574 uxore,
765 3509 808 3564 911.
833 3511 1003 3579 Quibusnam

28 3569 114 3639 poenis
137 3568 300 3624 adulterium
324 3571 459 3642 plectatur
471 3577 580 3647 quando
594 3594 610 3633 a
624 3580 731 3638 clericis
751 3591 943 3663 committitur,
956 3598 1000 3650 91.

28 3646 117 3707 Poenae
130 3663 146 3704 a
165 3649 225 3720 lego
239 3649 314 3708 civili
326 3657 451 3723 statutae,
472 3655 515 3709 92.
531 3659 574 3711 Α1
583 3665 612 3713 et
626 3667 761 3730 quatenus
774 3668 863 3738 possit
874 3686 907 3725 ex
921 3672 1002 3727 adul-
