<?xml version="1.0" encoding="UTF-8"?>
<!DOCTYPE html PUBLIC "-//W3C//DTD XHTML 1.0 Transitional//EN"
    "http://www.w3.org/TR/xhtml1/DTD/xhtml1-transitional.dtd">
<html xmlns="http://www.w3.org/1999/xhtml" xml:lang="en" lang="en">
 <head>
  <title>
</title>
<meta http-equiv="Content-Type" content="text/html;charset=utf-8" />
  <meta name='ocr-system' content='tesseract 3.04.00' />
  <meta name='ocr-capabilities' content='ocr_page ocr_carea ocr_par ocr_line ocrx_word'/>
</head>
<body>
  <div class='ocr_page' id='page_1' title='image "./derebusvenereis00craigoog_0121.png"; bbox 0 0 2362 4094; ppageno 0'>
   <div class='ocr_carea' id='block_1_1' title="bbox 107 106 842 169">
    <p class='ocr_par' dir='ltr' id='par_1_1' title="bbox 107 106 842 169">
     <span class='ocr_line' id='line_1_1' title="bbox 107 106 842 169; baseline 0.01 -7"><span class='ocrx_word' id='word_1_1' title='bbox 107 150 110 151; x_wconf 14' lang='grc' dir='ltr'><em>ν</em></span> <span class='ocrx_word' id='word_1_2' title='bbox 197 106 254 166; x_wconf 87' lang='grc'>106</span> <span class='ocrx_word' id='word_1_3' title='bbox 519 121 555 165; x_wconf 78' lang='lat' dir='ltr'>nu</span> <span class='ocrx_word' id='word_1_4' title='bbox 577 124 669 168; x_wconf 84' lang='lat' dir='ltr'>nunus</span> <span class='ocrx_word' id='word_1_5' title='bbox 689 124 842 169; x_wconf 76' lang='lat' dir='ltr'>vertanus,</span> 
     </span>
    </p>
   </div>
   <div class='ocr_carea' id='block_1_2' title="bbox 194 236 1153 320">
    <p class='ocr_par' dir='ltr' id='par_1_2' title="bbox 194 236 1153 320">
     <span class='ocr_line' id='line_1_2' title="bbox 194 236 1153 320; baseline 0.004 -25"><span class='ocrx_word' id='word_1_6' title='bbox 194 236 350 315; x_wconf 72' lang='lat' dir='ltr'>temporis,</span> <span class='ocrx_word' id='word_1_7' title='bbox 367 236 452 298; x_wconf 90' lang='lat' dir='ltr'>seda</span> <span class='ocrx_word' id='word_1_8' title='bbox 471 255 556 298; x_wconf 90' lang='lat' dir='ltr'>mora</span> <span class='ocrx_word' id='word_1_9' title='bbox 570 238 742 312; x_wconf 79' lang='lat' dir='ltr'>uoluntatis,</span> <span class='ocrx_word' id='word_1_10' title='bbox 758 258 827 320; x_wconf 87' lang='lat' dir='ltr'>quae</span> <span class='ocrx_word' id='word_1_11' title='bbox 847 239 1019 304; x_wconf 89' lang='lat' dir='ltr'>deliberate</span> <span class='ocrx_word' id='word_1_12' title='bbox 1043 241 1153 304; x_wconf 83' lang='lat' dir='ltr'>adheret</span> 
     </span>
    </p>
   </div>
   <div class='ocr_carea' id='block_1_3' title="bbox 195 322 1153 472">
    <p class='ocr_par' dir='ltr' id='par_1_3' title="bbox 195 322 1153 472">
     <span class='ocr_line' id='line_1_3' title="bbox 195 322 1153 422; baseline 0.011 -40"><span class='ocrx_word' id='word_1_13' title='bbox 195 322 314 422; x_wconf 75' lang='lat' dir='ltr'>olijeeto</span> <span class='ocrx_word' id='word_1_14' title='bbox 327 325 469 406; x_wconf 80' lang='lat' dir='ltr'>cogitato,</span> <span class='ocrx_word' id='word_1_15' title='bbox 481 325 518 387; x_wconf 90' lang='lat' dir='ltr'>ad</span> <span class='ocrx_word' id='word_1_16' title='bbox 533 326 614 407; x_wconf 87' lang='lat' dir='ltr'>qnod</span> <span class='ocrx_word' id='word_1_17' title='bbox 627 327 752 389; x_wconf 89' lang='lat' dir='ltr'>unicum</span> <span class='ocrx_word' id='word_1_18' title='bbox 763 331 877 390; x_wconf 90' lang='lat' dir='ltr'>instans</span> <span class='ocrx_word' id='word_1_19' title='bbox 892 335 991 411; x_wconf 83' lang='lat' dir='ltr'>potest</span> <span class='ocrx_word' id='word_1_20' title='bbox 1007 324 1075 393; x_wconf 85' lang='lat' dir='ltr'>esse</span> <span class='ocrx_word' id='word_1_21' title='bbox 1087 329 1153 393; x_wconf 85' lang='lat' dir='ltr'>suffi-</span> 
     </span>
     <span class='ocr_line' id='line_1_4' title="bbox 196 429 290 472; baseline 0.011 -1"><span class='ocrx_word' id='word_1_22' title='bbox 196 429 290 472; x_wconf 86' lang='lat' dir='ltr'>erens.</span> 
     </span>
    </p>
   </div>
   <div class='ocr_carea' id='block_1_4' title="bbox 195 519 1157 1215">
    <p class='ocr_par' dir='ltr' id='par_1_4' title="bbox 195 519 1157 1215">
     <span class='ocr_line' id='line_1_5' title="bbox 236 519 1155 605; baseline 0.007 -26"><span class='ocrx_word' id='word_1_23' title='bbox 236 520 304 580; x_wconf 87' lang='grc'><strong>193.</strong></span> <span class='ocrx_word' id='word_1_24' title='bbox 329 519 491 582; x_wconf 84' lang='lat' dir='ltr'>Delectatio</span> <span class='ocrx_word' id='word_1_25' title='bbox 511 528 557 582; x_wconf 84' lang='lat' dir='ltr'>est</span> <span class='ocrx_word' id='word_1_26' title='bbox 579 522 625 583; x_wconf 86' lang='lat' dir='ltr'>vel</span> <span class='ocrx_word' id='word_1_27' title='bbox 647 522 685 584; x_wconf 90' lang='lat' dir='ltr'>de</span> <span class='ocrx_word' id='word_1_28' title='bbox 710 542 801 605; x_wconf 80' lang='lat' dir='ltr'>opere</span> <span class='ocrx_word' id='word_1_29' title='bbox 816 526 905 598; x_wconf 90' lang='lat' dir='ltr'>mato,</span> <span class='ocrx_word' id='word_1_30' title='bbox 932 525 973 587; x_wconf 91' lang='lat' dir='ltr'>ita</span> <span class='ocrx_word' id='word_1_31' title='bbox 1000 532 1036 587; x_wconf 94' lang='lat' dir='ltr'>ut</span> <span class='ocrx_word' id='word_1_32' title='bbox 1059 525 1155 587; x_wconf 85' lang='lat' dir='ltr'>malon</span> 
     </span>
     <span class='ocr_line' id='line_1_6' title="bbox 195 606 1155 692; baseline 0.008 -27"><span class='ocrx_word' id='word_1_33' title='bbox 195 624 273 683; x_wconf 82' lang='lat' dir='ltr'>opus</span> <span class='ocrx_word' id='word_1_34' title='bbox 298 606 337 666; x_wconf 90' lang='lat' dir='ltr'>sit</span> <span class='ocrx_word' id='word_1_35' title='bbox 359 608 515 688; x_wconf 86' lang='lat' dir='ltr'>objectum</span> <span class='ocrx_word' id='word_1_36' title='bbox 536 610 754 685; x_wconf 71' lang='lat' dir='ltr'>delectationis,</span> <span class='ocrx_word' id='word_1_37' title='bbox 771 613 816 674; x_wconf 92' lang='lat' dir='ltr'>vel</span> <span class='ocrx_word' id='word_1_38' title='bbox 841 612 880 674; x_wconf 89' lang='lat' dir='ltr'>de</span> <span class='ocrx_word' id='word_1_39' title='bbox 899 613 964 692; x_wconf 86' lang='lat' dir='ltr'>ipsa</span> <span class='ocrx_word' id='word_1_40' title='bbox 990 615 1155 692; x_wconf 79' lang='lat' dir='ltr'>cogitatione</span> 
     </span>
     <span class='ocr_line' id='line_1_7' title="bbox 195 693 1156 781; baseline 0.007 -27"><span class='ocrx_word' id='word_1_41' title='bbox 195 693 304 771; x_wconf 86' lang='lat' dir='ltr'>objecti</span> <span class='ocrx_word' id='word_1_42' title='bbox 320 695 401 772; x_wconf 84' lang='lat' dir='ltr'>mali,</span> <span class='ocrx_word' id='word_1_43' title='bbox 429 703 520 776; x_wconf 89' lang='lat' dir='ltr'>prout</span> <span class='ocrx_word' id='word_1_44' title='bbox 542 697 574 758; x_wconf 85' lang='lat' dir='ltr'>fit</span> <span class='ocrx_word' id='word_1_45' title='bbox 587 699 617 760; x_wconf 91' lang='lat' dir='ltr'>in</span> <span class='ocrx_word' id='word_1_46' title='bbox 634 718 671 760; x_wconf 91' lang='lat' dir='ltr'>eo</span> <span class='ocrx_word' id='word_1_47' title='bbox 698 701 749 780; x_wconf 89' lang='lat' dir='ltr'>qui</span> <span class='ocrx_word' id='word_1_48' title='bbox 765 700 938 781; x_wconf 86' lang='lat' dir='ltr'>hujusmodi</span> <span class='ocrx_word' id='word_1_49' title='bbox 965 703 1112 778; x_wconf 90' lang='lat' dir='ltr'>materiis,</span> <span class='ocrx_word' id='word_1_50' title='bbox 1130 699 1156 761; x_wconf 87' lang='lat' dir='ltr'>al</span> 
     </span>
     <span class='ocr_line' id='line_1_8' title="bbox 197 781 1156 861; baseline 0.01 -20"><span class='ocrx_word' id='word_1_51' title='bbox 197 781 437 861; x_wconf 85' lang='lat' dir='ltr'>praedicandum,</span> <span class='ocrx_word' id='word_1_52' title='bbox 453 784 691 861; x_wconf 83' lang='lat' dir='ltr'>adducendum,</span> <span class='ocrx_word' id='word_1_53' title='bbox 706 791 809 849; x_wconf 90' lang='lat' dir='ltr'>autad</span> <span class='ocrx_word' id='word_1_54' title='bbox 834 791 952 850; x_wconf 91' lang='lat' dir='ltr'>animas</span> <span class='ocrx_word' id='word_1_55' title='bbox 968 790 998 850; x_wconf 88' lang='lat' dir='ltr'>in</span> <span class='ocrx_word' id='word_1_56' title='bbox 1015 808 1102 851; x_wconf 86' lang='lat' dir='ltr'>sacro</span> <span class='ocrx_word' id='word_1_57' title='bbox 1118 790 1156 851; x_wconf 83' lang='lat' dir='ltr'>tri</span> 
     </span>
     <span class='ocr_line' id='line_1_9' title="bbox 197 870 1155 959; baseline 0.01 -29"><span class='ocrx_word' id='word_1_58' title='bbox 197 870 300 932; x_wconf 89' lang='lat' dir='ltr'>bunali</span> <span class='ocrx_word' id='word_1_59' title='bbox 315 871 498 953; x_wconf 79' lang='lat' dir='ltr'>dirigendas,</span> <span class='ocrx_word' id='word_1_60' title='bbox 514 876 629 951; x_wconf 78' lang='lat' dir='ltr'>studet3</span> <span class='ocrx_word' id='word_1_61' title='bbox 646 877 692 939; x_wconf 87' lang='lat' dir='ltr'>vel</span> <span class='ocrx_word' id='word_1_62' title='bbox 707 877 838 955; x_wconf 82' lang='lat' dir='ltr'>denique</span> <span class='ocrx_word' id='word_1_63' title='bbox 863 896 925 939; x_wconf 93' lang='lat' dir='ltr'>nou</span> <span class='ocrx_word' id='word_1_64' title='bbox 940 878 979 940; x_wconf 88' lang='lat' dir='ltr'>de</span> <span class='ocrx_word' id='word_1_65' title='bbox 998 879 1066 959; x_wconf 85' lang='lat' dir='ltr'>ipso</span> <span class='ocrx_word' id='word_1_66' title='bbox 1082 879 1155 950; x_wconf 90' lang='lat' dir='ltr'>malo,</span> 
     </span>
     <span class='ocr_line' id='line_1_10' title="bbox 197 958 1157 1046; baseline 0.005 -27"><span class='ocrx_word' id='word_1_67' title='bbox 197 958 249 1020; x_wconf 91' lang='lat' dir='ltr'>sed</span> <span class='ocrx_word' id='word_1_68' title='bbox 264 958 303 1021; x_wconf 90' lang='lat' dir='ltr'>de</span> <span class='ocrx_word' id='word_1_69' title='bbox 316 961 408 1022; x_wconf 91' lang='lat' dir='ltr'>modo</span> <span class='ocrx_word' id='word_1_70' title='bbox 423 964 553 1037; x_wconf 81' lang='lat' dir='ltr'>curioso,</span> <span class='ocrx_word' id='word_1_71' title='bbox 584 964 701 1036; x_wconf 87' lang='lat' dir='ltr'>risibili,</span> <span class='ocrx_word' id='word_1_72' title='bbox 715 965 845 1026; x_wconf 86' lang='lat' dir='ltr'>mirabili</span> <span class='ocrx_word' id='word_1_73' title='bbox 868 983 930 1046; x_wconf 85' lang='lat' dir='ltr'>quo</span> <span class='ocrx_word' id='word_1_74' title='bbox 945 966 1064 1028; x_wconf 90' lang='lat' dir='ltr'>malum</span> <span class='ocrx_word' id='word_1_75' title='bbox 1080 966 1157 1028; x_wconf 87' lang='lat' dir='ltr'>eonti-</span> 
     </span>
     <span class='ocr_line' id='line_1_11' title="bbox 198 1047 1156 1133; baseline 0.008 -25"><span class='ocrx_word' id='word_1_76' title='bbox 198 1047 260 1127; x_wconf 84' lang='lat' dir='ltr'>git;</span> <span class='ocrx_word' id='word_1_77' title='bbox 280 1048 327 1110; x_wconf 90' lang='lat' dir='ltr'>vel</span> <span class='ocrx_word' id='word_1_78' title='bbox 346 1048 480 1112; x_wconf 88' lang='lat' dir='ltr'>debono</span> <span class='ocrx_word' id='word_1_79' title='bbox 502 1051 610 1112; x_wconf 82' lang='lat' dir='ltr'>effectu</span> <span class='ocrx_word' id='word_1_80' title='bbox 629 1052 700 1113; x_wconf 91' lang='lat' dir='ltr'>inde</span> <span class='ocrx_word' id='word_1_81' title='bbox 725 1061 840 1127; x_wconf 88' lang='lat' dir='ltr'>secuto,</span> <span class='ocrx_word' id='word_1_82' title='bbox 861 1074 888 1114; x_wconf 92' lang='lat' dir='ltr'>v.</span> <span class='ocrx_word' id='word_1_83' title='bbox 910 1074 940 1133; x_wconf 80' lang='lat' dir='ltr'>g.</span> <span class='ocrx_word' id='word_1_84' title='bbox 959 1055 1156 1119; x_wconf 76' lang='lat' dir='ltr'>exoneratione</span> 
     </span>
     <span class='ocr_line' id='line_1_12' title="bbox 199 1139 916 1215; baseline 0.01 -19"><span class='ocrx_word' id='word_1_85' title='bbox 199 1142 326 1212; x_wconf 86' lang='lat' dir='ltr'>naturae,</span> <span class='ocrx_word' id='word_1_86' title='bbox 337 1139 503 1200; x_wconf 86' lang='lat' dir='ltr'>cessatione</span> <span class='ocrx_word' id='word_1_87' title='bbox 518 1139 692 1202; x_wconf 78' lang='lat' dir='ltr'>rebellionis</span> <span class='ocrx_word' id='word_1_88' title='bbox 705 1141 845 1215; x_wconf 83' lang='lat' dir='ltr'>carnalis,</span> <span class='ocrx_word' id='word_1_89' title='bbox 860 1148 916 1203; x_wconf 88' lang='lat' dir='ltr'>eto.</span> 
     </span>
    </p>
   </div>
   <div class='ocr_carea' id='block_1_5' title="bbox 201 1241 1155 1395">
    <p class='ocr_par' dir='ltr' id='par_1_5' title="bbox 201 1241 1155 1395">
     <span class='ocr_line' id='line_1_13' title="bbox 239 1241 1155 1316; baseline -0.001 -10"><span class='ocrx_word' id='word_1_90' title='bbox 239 1247 307 1306; x_wconf 82' lang='grc'><strong>194.</strong></span> <span class='ocrx_word' id='word_1_91' title='bbox 331 1246 453 1316; x_wconf 75' lang='lat' dir='ltr'>Quaerit.</span> <span class='ocrx_word' id='word_1_92' title='bbox 487 1247 516 1307; x_wconf 85' lang='lat'>1⁰</span> <span class='ocrx_word' id='word_1_93' title='bbox 545 1249 590 1307; x_wconf 85' lang='grc' dir='ltr'>Αη</span> <span class='ocrx_word' id='word_1_94' title='bbox 615 1246 799 1310; x_wconf 89' lang='lat' dir='ltr'>desiderium</span> <span class='ocrx_word' id='word_1_95' title='bbox 824 1265 932 1310; x_wconf 89' lang='lat' dir='ltr'>omnes</span> <span class='ocrx_word' id='word_1_96' title='bbox 956 1256 1046 1310; x_wconf 87' lang='lat' dir='ltr'>aetus</span> <span class='ocrx_word' id='word_1_97' title='bbox 1061 1241 1155 1311; x_wconf 86' lang='lat' dir='ltr'>externi</span> 
     </span>
     <span class='ocr_line' id='line_1_14' title="bbox 201 1332 479 1395; baseline 0.004 -2"><span class='ocrx_word' id='word_1_98' title='bbox 201 1332 333 1395; x_wconf 88' lang='lat' dir='ltr'>malitias</span> <span class='ocrx_word' id='word_1_99' title='bbox 348 1333 479 1395; x_wconf 73' lang='lat' dir='ltr'>induat‘l</span> 
     </span>
    </p>
   </div>
   <div class='ocr_carea' id='block_1_6' title="bbox 107 1429 1168 3463">
    <p class='ocr_par' dir='ltr' id='par_1_6' title="bbox 107 1429 1168 3463">
     <span class='ocr_line' id='line_1_15' title="bbox 239 1429 1156 1513; baseline 0.004 -23"><span class='ocrx_word' id='word_1_100' title='bbox 239 1432 328 1510; x_wconf 86' lang='lat' dir='ltr'>Resp.</span> <span class='ocrx_word' id='word_1_101' title='bbox 353 1429 406 1491; x_wconf 88' lang='lat' dir='ltr'>Vel</span> <span class='ocrx_word' id='word_1_102' title='bbox 433 1430 618 1513; x_wconf 76' lang='lat' dir='ltr'>desiderium</span> <span class='ocrx_word' id='word_1_103' title='bbox 644 1438 690 1493; x_wconf 90' lang='lat' dir='ltr'>est</span> <span class='ocrx_word' id='word_1_104' title='bbox 713 1433 895 1508; x_wconf 91' lang='lat' dir='ltr'>absolutum,</span> <span class='ocrx_word' id='word_1_105' title='bbox 925 1442 956 1496; x_wconf 89' lang='lat' dir='ltr'>et</span> <span class='ocrx_word' id='word_1_106' title='bbox 983 1442 1070 1510; x_wconf 89' lang='lat' dir='ltr'>tune,</span> <span class='ocrx_word' id='word_1_107' title='bbox 1092 1437 1156 1513; x_wconf 82' lang='lat' dir='ltr'>juxta</span> 
     </span>
     <span class='ocr_line' id='line_1_16' title="bbox 199 1518 1155 1594; baseline 0.002 -16"><span class='ocrx_word' id='word_1_108' title='bbox 199 1518 378 1580; x_wconf 80' lang='lat' dir='ltr'>sententiam</span> <span class='ocrx_word' id='word_1_109' title='bbox 392 1537 600 1594; x_wconf 89' lang='lat' dir='ltr'>communem,</span> <span class='ocrx_word' id='word_1_110' title='bbox 615 1520 755 1583; x_wconf 88' lang='lat' dir='ltr'>eamdem</span> <span class='ocrx_word' id='word_1_111' title='bbox 770 1522 1155 1586; x_wconf 88' lang='lat' dir='ltr'>malitiamhabetmortalen</span> 
     </span>
     <span class='ocr_line' id='line_1_17' title="bbox 200 1606 1157 1692; baseline 0.003 -26"><span class='ocrx_word' id='word_1_112' title='bbox 200 1613 251 1666; x_wconf 89' lang='lat' dir='ltr'>aut</span> <span class='ocrx_word' id='word_1_113' title='bbox 273 1606 422 1669; x_wconf 86' lang='lat' dir='ltr'>venialem</span> <span class='ocrx_word' id='word_1_114' title='bbox 436 1626 530 1688; x_wconf 89' lang='lat' dir='ltr'>quam</span> <span class='ocrx_word' id='word_1_115' title='bbox 555 1609 742 1672; x_wconf 83' lang='lat' dir='ltr'>hebetantus</span> <span class='ocrx_word' id='word_1_116' title='bbox 755 1612 886 1673; x_wconf 85' lang='lat' dir='ltr'>exterior</span> <span class='ocrx_word' id='word_1_117' title='bbox 907 1611 940 1672; x_wconf 91' lang='lat' dir='ltr'>in</span> <span class='ocrx_word' id='word_1_118' title='bbox 958 1629 1053 1692; x_wconf 89' lang='lat' dir='ltr'>quem</span> <span class='ocrx_word' id='word_1_119' title='bbox 1076 1613 1157 1691; x_wconf 79' lang='lat' dir='ltr'>ipsun</span> 
     </span>
     <span class='ocr_line' id='line_1_18' title="bbox 200 1693 1156 1777; baseline 0.002 -24"><span class='ocrx_word' id='word_1_120' title='bbox 200 1693 306 1769; x_wconf 84' lang='lat' dir='ltr'>fertur,</span> <span class='ocrx_word' id='word_1_121' title='bbox 321 1696 435 1777; x_wconf 87' lang='lat' dir='ltr'>quippe</span> <span class='ocrx_word' id='word_1_122' title='bbox 447 1704 531 1759; x_wconf 87' lang='lat' dir='ltr'>actus</span> <span class='ocrx_word' id='word_1_123' title='bbox 545 1698 676 1760; x_wconf 84' lang='lat' dir='ltr'>exterior</span> <span class='ocrx_word' id='word_1_124' title='bbox 690 1704 735 1760; x_wconf 89' lang='lat' dir='ltr'>est</span> <span class='ocrx_word' id='word_1_125' title='bbox 748 1705 822 1761; x_wconf 84' lang='lat' dir='ltr'>tuno</span> <span class='ocrx_word' id='word_1_126' title='bbox 843 1699 997 1777; x_wconf 82' lang='lat' dir='ltr'>objectum</span> <span class='ocrx_word' id='word_1_127' title='bbox 1025 1697 1156 1761; x_wconf 87' lang='lat' dir='ltr'>desiderii.</span> 
     </span>
     <span class='ocr_line' id='line_1_19' title="bbox 201 1782 1151 1866; baseline 0.001 -23"><span class='ocrx_word' id='word_1_128' title='bbox 201 1782 232 1843; x_wconf 90' lang='lat' dir='ltr'>Si</span> <span class='ocrx_word' id='word_1_129' title='bbox 247 1801 318 1845; x_wconf 85' lang='lat' dir='ltr'>vero</span> <span class='ocrx_word' id='word_1_130' title='bbox 330 1783 514 1846; x_wconf 87' lang='lat' dir='ltr'>desiderium</span> <span class='ocrx_word' id='word_1_131' title='bbox 533 1787 571 1847; x_wconf 91' lang='lat' dir='ltr'>sit</span> <span class='ocrx_word' id='word_1_132' title='bbox 585 1786 799 1861; x_wconf 85' lang='lat' dir='ltr'>conditionale,</span> <span class='ocrx_word' id='word_1_133' title='bbox 810 1787 919 1849; x_wconf 87' lang='lat' dir='ltr'>iterum</span> <span class='ocrx_word' id='word_1_134' title='bbox 932 1795 976 1848; x_wconf 86' lang='lat' dir='ltr'>est</span> <span class='ocrx_word' id='word_1_135' title='bbox 996 1787 1151 1866; x_wconf 78' lang='lat' dir='ltr'>distinguen</span> 
     </span>
     <span class='ocr_line' id='line_1_20' title="bbox 201 1869 1167 1961; baseline 0.002 -30"><span class='ocrx_word' id='word_1_136' title='bbox 201 1869 299 1932; x_wconf 91' lang='lat' dir='ltr'>dum:</span> <span class='ocrx_word' id='word_1_137' title='bbox 316 1878 367 1932; x_wconf 91' lang='lat' dir='ltr'>aut</span> <span class='ocrx_word' id='word_1_138' title='bbox 382 1872 516 1935; x_wconf 89' lang='lat' dir='ltr'>conditio</span> <span class='ocrx_word' id='word_1_139' title='bbox 529 1874 626 1936; x_wconf 83' lang='lat' dir='ltr'>aufert</span> <span class='ocrx_word' id='word_1_140' title='bbox 640 1875 748 1957; x_wconf 87' lang='lat' dir='ltr'>objecti</span> <span class='ocrx_word' id='word_1_141' title='bbox 765 1875 921 1950; x_wconf 89' lang='lat' dir='ltr'>malitiam,</span> <span class='ocrx_word' id='word_1_142' title='bbox 937 1895 965 1937; x_wconf 84' lang='lat' dir='ltr'>r.</span> <span class='ocrx_word' id='word_1_143' title='bbox 984 1894 1045 1955; x_wconf 74' lang='lat' dir='ltr'>gr,</span> <span class='ocrx_word' id='word_1_144' title='bbox 1058 1876 1081 1936; x_wconf 91' lang='lat' dir='ltr'>si</span> <span class='ocrx_word' id='word_1_145' title='bbox 1094 1872 1167 1961; x_wconf 63' lang='lat' dir='ltr'>dice-J</span> 
     </span>
     <span class='ocr_line' id='line_1_21' title="bbox 202 1960 1167 2045; baseline 0 -25"><span class='ocrx_word' id='word_1_146' title='bbox 202 1976 268 2020; x_wconf 91' lang='lat' dir='ltr'>rem</span> <span class='ocrx_word' id='word_1_147' title='bbox 282 1981 288 2021; x_wconf 90' lang='lat'><strong>:</strong></span> <span class='ocrx_word' id='word_1_148' title='bbox 305 1960 416 2022; x_wconf 84' lang='lat' dir='ltr'>ederem</span> <span class='ocrx_word' id='word_1_149' title='bbox 429 1981 529 2024; x_wconf 83' lang='lat' dir='ltr'>carues</span> <span class='ocrx_word' id='word_1_150' title='bbox 540 1963 572 2023; x_wconf 86' lang='lat' dir='ltr'>iu</span> <span class='ocrx_word' id='word_1_151' title='bbox 583 1963 735 2039; x_wconf 86' lang='lat' dir='ltr'>dieuetito,</span> <span class='ocrx_word' id='word_1_152' title='bbox 746 1964 773 2025; x_wconf 87' lang='lat' dir='ltr'>si</span> <span class='ocrx_word' id='word_1_153' title='bbox 783 1960 921 2026; x_wconf 75' lang='lat' dir='ltr'>Ecclesia</span> <span class='ocrx_word' id='word_1_154' title='bbox 934 1983 995 2024; x_wconf 79' lang='lat' dir='ltr'>nore</span> <span class='ocrx_word' id='word_1_155' title='bbox 1002 1963 1167 2045; x_wconf 63' lang='lat' dir='ltr'>prohiberet}</span> 
     </span>
     <span class='ocr_line' id='line_1_22' title="bbox 203 2049 1159 2134; baseline 0.005 -27"><span class='ocrx_word' id='word_1_156' title='bbox 203 2050 250 2111; x_wconf 88' lang='lat' dir='ltr'>vel</span> <span class='ocrx_word' id='word_1_157' title='bbox 260 2069 266 2110; x_wconf 93' lang='lat'>:</span> <span class='ocrx_word' id='word_1_158' title='bbox 278 2049 351 2111; x_wconf 84' lang='lat' dir='ltr'>bonu</span> <span class='ocrx_word' id='word_1_159' title='bbox 356 2052 494 2132; x_wconf 72' lang='lat' dir='ltr'>proximi</span> <span class='ocrx_word' id='word_1_160' title='bbox 500 2071 645 2134; x_wconf 83' lang='lat' dir='ltr'>ruperam,</span> <span class='ocrx_word' id='word_1_161' title='bbox 655 2054 682 2113; x_wconf 90' lang='lat' dir='ltr'>si</span> <span class='ocrx_word' id='word_1_162' title='bbox 689 2054 768 2115; x_wconf 80' lang='lat' dir='ltr'>Deus</span> <span class='ocrx_word' id='word_1_163' title='bbox 774 2055 974 2134; x_wconf 82' lang='lat' dir='ltr'>permitteret:</span> <span class='ocrx_word' id='word_1_164' title='bbox 990 2053 1050 2128; x_wconf 86' lang='lat' dir='ltr'>vel,</span> <span class='ocrx_word' id='word_1_165' title='bbox 1059 2070 1159 2115; x_wconf 83' lang='lat' dir='ltr'>urerent</span> 
     </span>
     <span class='ocr_line' id='line_1_23' title="bbox 191 2137 1158 2220; baseline 0 -21"><span class='ocrx_word' id='word_1_166' title='bbox 191 2137 349 2216; x_wconf 28' lang='lat' dir='ltr'>,ducerem</span> <span class='ocrx_word' id='word_1_167' title='bbox 365 2140 394 2201; x_wconf 82' lang='lat' dir='ltr'>si</span> <span class='ocrx_word' id='word_1_168' title='bbox 414 2140 547 2202; x_wconf 82' lang='lat' dir='ltr'>sacerdos</span> <span class='ocrx_word' id='word_1_169' title='bbox 560 2161 617 2202; x_wconf 85' lang='lat' dir='ltr'>non</span> <span class='ocrx_word' id='word_1_170' title='bbox 643 2161 729 2203; x_wconf 83' lang='lat' dir='ltr'>esrem</span> <span class='ocrx_word' id='word_1_171' title='bbox 745 2162 754 2202; x_wconf 91' lang='grc'>.·</span> <span class='ocrx_word' id='word_1_172' title='bbox 771 2143 802 2203; x_wconf 94' lang='lat' dir='ltr'>in</span> <span class='ocrx_word' id='word_1_173' title='bbox 824 2141 997 2220; x_wconf 90' lang='lat' dir='ltr'>hujusmodi</span> <span class='ocrx_word' id='word_1_174' title='bbox 1009 2139 1158 2209; x_wconf 82' lang='lat' dir='ltr'>desideriis,</span> 
     </span>
     <span class='ocr_line' id='line_1_24' title="bbox 205 2228 1159 2312; baseline 0 -24"><span class='ocrx_word' id='word_1_175' title='bbox 205 2246 267 2291; x_wconf 93' lang='lat' dir='ltr'>non</span> <span class='ocrx_word' id='word_1_176' title='bbox 283 2228 399 2291; x_wconf 87' lang='lat' dir='ltr'>adesset</span> <span class='ocrx_word' id='word_1_177' title='bbox 423 2248 513 2310; x_wconf 78' lang='lat' dir='ltr'>grave</span> <span class='ocrx_word' id='word_1_178' title='bbox 537 2236 706 2309; x_wconf 82' lang='lat' dir='ltr'>peecatum,</span> <span class='ocrx_word' id='word_1_179' title='bbox 731 2232 817 2312; x_wconf 73' lang='lat' dir='ltr'>Juxta</span> <span class='ocrx_word' id='word_1_180' title='bbox 837 2231 1019 2292; x_wconf 87' lang='lat' dir='ltr'>sententiam</span> <span class='ocrx_word' id='word_1_181' title='bbox 1041 2245 1159 2292; x_wconf 81' lang='lat' dir='ltr'>commu</span> 
     </span>
     <span class='ocr_line' id='line_1_25' title="bbox 205 2318 1159 2400; baseline -0.004 -22"><span class='ocrx_word' id='word_1_182' title='bbox 205 2335 277 2380; x_wconf 93' lang='lat' dir='ltr'>nem</span> <span class='ocrx_word' id='word_1_183' title='bbox 289 2323 310 2391; x_wconf 87' lang='lat'>¹,</span> <span class='ocrx_word' id='word_1_184' title='bbox 333 2319 471 2400; x_wconf 86' lang='lat' dir='ltr'>quamvis</span> <span class='ocrx_word' id='word_1_185' title='bbox 483 2318 634 2381; x_wconf 88' lang='lat' dir='ltr'>ordinarie</span> <span class='ocrx_word' id='word_1_186' title='bbox 649 2339 710 2381; x_wconf 93' lang='lat' dir='ltr'>non</span> <span class='ocrx_word' id='word_1_187' title='bbox 725 2321 787 2381; x_wconf 89' lang='lat' dir='ltr'>siut</span> <span class='ocrx_word' id='word_1_188' title='bbox 805 2320 952 2381; x_wconf 91' lang='lat' dir='ltr'>immunia</span> <span class='ocrx_word' id='word_1_189' title='bbox 967 2339 983 2380; x_wconf 89' lang='lat' dir='ltr'>a</span> <span class='ocrx_word' id='word_1_190' title='bbox 999 2321 1112 2389; x_wconf 89' lang='lat' dir='ltr'>veniali,</span> <span class='ocrx_word' id='word_1_191' title='bbox 1136 2331 1159 2374; x_wconf 88' lang='lat' dir='ltr'>eo</span> 
     </span>
     <span class='ocr_line' id='line_1_26' title="bbox 205 2406 1159 2487; baseline -0.003 -21"><span class='ocrx_word' id='word_1_192' title='bbox 205 2407 288 2486; x_wconf 89' lang='lat' dir='ltr'>quod</span> <span class='ocrx_word' id='word_1_193' title='bbox 303 2407 363 2469; x_wconf 89' lang='lat' dir='ltr'>sint</span> <span class='ocrx_word' id='word_1_194' title='bbox 377 2408 556 2487; x_wconf 83' lang='lat' dir='ltr'>periculosa,</span> <span class='ocrx_word' id='word_1_195' title='bbox 572 2408 668 2470; x_wconf 88' lang='lat' dir='ltr'>otiosa</span> <span class='ocrx_word' id='word_1_196' title='bbox 684 2416 714 2470; x_wconf 89' lang='lat' dir='ltr'>et</span> <span class='ocrx_word' id='word_1_197' title='bbox 731 2407 853 2469; x_wconf 89' lang='lat' dir='ltr'>nonnisi</span> <span class='ocrx_word' id='word_1_198' title='bbox 871 2407 959 2469; x_wconf 83' lang='lat' dir='ltr'>fatuae</span> <span class='ocrx_word' id='word_1_199' title='bbox 976 2427 1013 2470; x_wconf 88' lang='lat' dir='ltr'>ao</span> <span class='ocrx_word' id='word_1_200' title='bbox 1026 2406 1159 2469; x_wconf 83' lang='lat' dir='ltr'>diabolice</span> 
     </span>
     <span class='ocr_line' id='line_1_27' title="bbox 207 2491 1160 2578; baseline -0.009 -22"><span class='ocrx_word' id='word_1_201' title='bbox 207 2495 398 2571; x_wconf 87' lang='lat' dir='ltr'>tentationes,</span> <span class='ocrx_word' id='word_1_202' title='bbox 422 2502 456 2557; x_wconf 87' lang='lat' dir='ltr'>ut</span> <span class='ocrx_word' id='word_1_203' title='bbox 469 2502 608 2559; x_wconf 86' lang='lat' dir='ltr'>auctores</span> <span class='ocrx_word' id='word_1_204' title='bbox 617 2497 796 2578; x_wconf 86' lang='lat' dir='ltr'>loquuntur.</span> <span class='ocrx_word' id='word_1_205' title='bbox 813 2500 874 2557; x_wconf 85' lang='lat' dir='ltr'>Aut</span> <span class='ocrx_word' id='word_1_206' title='bbox 885 2495 1021 2558; x_wconf 87' lang='lat' dir='ltr'>conditio</span> <span class='ocrx_word' id='word_1_207' title='bbox 1036 2491 1160 2558; x_wconf 90' lang='lat' dir='ltr'>nontoltit</span> 
     </span>
     <span class='ocr_line' id='line_1_28' title="bbox 207 2584 1161 2674; baseline -0.001 -30"><span class='ocrx_word' id='word_1_208' title='bbox 207 2584 352 2647; x_wconf 89' lang='lat' dir='ltr'>malitiam</span> <span class='ocrx_word' id='word_1_209' title='bbox 363 2584 485 2665; x_wconf 83' lang='lat' dir='ltr'>objecti,</span> <span class='ocrx_word' id='word_1_210' title='bbox 500 2587 525 2646; x_wconf 92' lang='lat' dir='ltr'>si</span> <span class='ocrx_word' id='word_1_211' title='bbox 540 2586 809 2666; x_wconf 86' lang='lat' dir='ltr'>nempedioerem:</span> <span class='ocrx_word' id='word_1_212' title='bbox 826 2585 1004 2665; x_wconf 74' lang='lat' dir='ltr'>fornicarer,</span> <span class='ocrx_word' id='word_1_213' title='bbox 1014 2586 1161 2674; x_wconf 72' lang='lat' dir='ltr'>studuerat</span> 
     </span>
     <span class='ocr_line' id='line_1_29' title="bbox 209 2673 1168 2754; baseline 0.003 -22"><span class='ocrx_word' id='word_1_214' title='bbox 209 2673 343 2752; x_wconf 77' lang='lat' dir='ltr'>infamas</span> <span class='ocrx_word' id='word_1_215' title='bbox 362 2673 409 2734; x_wconf 85' lang='lat' dir='ltr'>uel</span> <span class='ocrx_word' id='word_1_216' title='bbox 430 2693 488 2734; x_wconf 82' lang='lat' dir='ltr'>eon</span> <span class='ocrx_word' id='word_1_217' title='bbox 510 2693 596 2735; x_wconf 84' lang='lat' dir='ltr'>essem</span> <span class='ocrx_word' id='word_1_218' title='bbox 610 2674 786 2754; x_wconf 57' lang='lat' dir='ltr'>rettulerim</span> <span class='ocrx_word' id='word_1_219' title='bbox 798 2675 951 2734; x_wconf 75' lang='lat' dir='ltr'>interieram</span> <span class='ocrx_word' id='word_1_220' title='bbox 975 2674 1134 2742; x_wconf 82' lang='lat' dir='ltr'>occiderem,</span> <span class='ocrx_word' id='word_1_221' title='bbox 1144 2686 1168 2749; x_wconf 66' lang='lat' dir='ltr'>tt,</span> 
     </span>
     <span class='ocr_line' id='line_1_30' title="bbox 107 2760 1168 2848; baseline -0.003 -29"><span class='ocrx_word' id='word_1_222' title='bbox 107 2774 113 2784; x_wconf 91' lang='lat'><strong>·</strong></span> <span class='ocrx_word' id='word_1_223' title='bbox 210 2760 343 2822; x_wconf 77' lang='lat' dir='ltr'>luterem</span> <span class='ocrx_word' id='word_1_224' title='bbox 353 2780 459 2836; x_wconf 76' lang='lat' dir='ltr'>mrem,</span> <span class='ocrx_word' id='word_1_225' title='bbox 471 2768 550 2837; x_wconf 71' lang='lat' dir='ltr'>ete,</span> <span class='ocrx_word' id='word_1_226' title='bbox 568 2770 597 2824; x_wconf 89' lang='lat' dir='ltr'>et</span> <span class='ocrx_word' id='word_1_227' title='bbox 611 2771 686 2824; x_wconf 80' lang='lat' dir='ltr'>tuno</span> <span class='ocrx_word' id='word_1_228' title='bbox 697 2781 805 2848; x_wconf 84' lang='lat' dir='ltr'>omnes</span> <span class='ocrx_word' id='word_1_229' title='bbox 819 2768 853 2824; x_wconf 89' lang='lat' dir='ltr'>ut</span> <span class='ocrx_word' id='word_1_230' title='bbox 864 2769 981 2824; x_wconf 85' lang='lat' dir='ltr'>eertum</span> <span class='ocrx_word' id='word_1_231' title='bbox 998 2764 1168 2841; x_wconf 66' lang='lat' dir='ltr'>tenentem-t</span> 
     </span>
     <span class='ocr_line' id='line_1_31' title="bbox 210 2847 1161 2932; baseline -0.003 -22"><span class='ocrx_word' id='word_1_232' title='bbox 210 2849 357 2911; x_wconf 87' lang='lat' dir='ltr'>ditionem</span> <span class='ocrx_word' id='word_1_233' title='bbox 371 2869 432 2912; x_wconf 92' lang='lat' dir='ltr'>non</span> <span class='ocrx_word' id='word_1_234' title='bbox 442 2847 589 2931; x_wconf 89' lang='lat' dir='ltr'>impedire</span> <span class='ocrx_word' id='word_1_235' title='bbox 602 2850 886 2932; x_wconf 85' lang='lat' dir='ltr'>quominnssimilia</span> <span class='ocrx_word' id='word_1_236' title='bbox 892 2849 1042 2912; x_wconf 88' lang='lat' dir='ltr'>desideria</span> <span class='ocrx_word' id='word_1_237' title='bbox 1054 2848 1161 2925; x_wconf 77' lang='lat' dir='ltr'>habeant</span> 
     </span>
     <span class='ocr_line' id='line_1_32' title="bbox 210 2934 1161 3019; baseline -0.008 -19"><span class='ocrx_word' id='word_1_238' title='bbox 210 2944 304 3000; x_wconf 88' lang='lat' dir='ltr'>totam</span> <span class='ocrx_word' id='word_1_239' title='bbox 328 2938 473 3019; x_wconf 87' lang='lat' dir='ltr'>malitiam</span> <span class='ocrx_word' id='word_1_240' title='bbox 488 2940 644 3002; x_wconf 89' lang='lat' dir='ltr'>exterioris</span> <span class='ocrx_word' id='word_1_241' title='bbox 666 2940 785 3018; x_wconf 83' lang='lat' dir='ltr'>objecti.</span> <span class='ocrx_word' id='word_1_242' title='bbox 803 2942 839 3001; x_wconf 86' lang='lat' dir='ltr'>Et</span> <span class='ocrx_word' id='word_1_243' title='bbox 853 2938 935 3001; x_wconf 92' lang='lat' dir='ltr'>idem</span> <span class='ocrx_word' id='word_1_244' title='bbox 959 2944 1005 3000; x_wconf 87' lang='lat' dir='ltr'>est</span> <span class='ocrx_word' id='word_1_245' title='bbox 1020 2934 1161 3000; x_wconf 87' lang='lat' dir='ltr'>diceuduu</span> 
     </span>
     <span class='ocr_line' id='line_1_33' title="bbox 184 3020 1160 3110; baseline -0.009 -22"><span class='ocrx_word' id='word_1_246' title='bbox 184 3052 187 3062; x_wconf 84' lang='grc'><strong><em>·</em></strong></span> <span class='ocrx_word' id='word_1_247' title='bbox 211 3027 334 3109; x_wconf 88' lang='lat' dir='ltr'>quando</span> <span class='ocrx_word' id='word_1_248' title='bbox 351 3027 465 3089; x_wconf 89' lang='lat' dir='ltr'>malitia</span> <span class='ocrx_word' id='word_1_249' title='bbox 480 3027 600 3109; x_wconf 81' lang='lat' dir='ltr'>sejungi</span> <span class='ocrx_word' id='word_1_250' title='bbox 615 3029 720 3110; x_wconf 87' lang='lat' dir='ltr'>nequit</span> <span class='ocrx_word' id='word_1_251' title='bbox 741 3028 780 3090; x_wconf 90' lang='lat' dir='ltr'>ab</span> <span class='ocrx_word' id='word_1_252' title='bbox 794 3028 925 3108; x_wconf 84' lang='lat' dir='ltr'>objecto,</span> <span class='ocrx_word' id='word_1_253' title='bbox 941 3034 973 3089; x_wconf 89' lang='lat' dir='ltr'>ut</span> <span class='ocrx_word' id='word_1_254' title='bbox 985 3028 1018 3088; x_wconf 93' lang='lat' dir='ltr'>in</span> <span class='ocrx_word' id='word_1_255' title='bbox 1028 3020 1160 3107; x_wconf 87' lang='lat' dir='ltr'>sequenti·</span> 
     </span>
     <span class='ocr_line' id='line_1_34' title="bbox 211 3114 1160 3200; baseline -0.001 -22"><span class='ocrx_word' id='word_1_256' title='bbox 211 3117 269 3199; x_wconf 84' lang='lat' dir='ltr'>hus</span> <span class='ocrx_word' id='word_1_257' title='bbox 283 3116 422 3188; x_wconf 84' lang='lat' dir='ltr'>casibus:</span> <span class='ocrx_word' id='word_1_258' title='bbox 446 3118 473 3178; x_wconf 82' lang='lat' dir='ltr'>si</span> <span class='ocrx_word' id='word_1_259' title='bbox 494 3136 554 3178; x_wconf 84' lang='lat' dir='ltr'>non</span> <span class='ocrx_word' id='word_1_260' title='bbox 578 3127 647 3178; x_wconf 85' lang='lat' dir='ltr'>esset</span> <span class='ocrx_word' id='word_1_261' title='bbox 667 3126 829 3200; x_wconf 83' lang='lat' dir='ltr'>peecatum,</span> <span class='ocrx_word' id='word_1_262' title='bbox 842 3116 948 3179; x_wconf 84' lang='lat' dir='ltr'>uellem</span> <span class='ocrx_word' id='word_1_263' title='bbox 976 3114 1160 3197; x_wconf 73' lang='lat' dir='ltr'>ttasptemam</span> 
     </span>
     <span class='ocr_line' id='line_1_35' title="bbox 212 3206 1161 3287; baseline -0.003 -20"><span class='ocrx_word' id='word_1_264' title='bbox 212 3206 360 3287; x_wconf 78' lang='lat' dir='ltr'>pejerare,</span> <span class='ocrx_word' id='word_1_265' title='bbox 380 3206 532 3282; x_wconf 77' lang='lat' dir='ltr'>mactari,</span> <span class='ocrx_word' id='word_1_266' title='bbox 548 3206 706 3286; x_wconf 76' lang='lat' dir='ltr'>fornicari,</span> <span class='ocrx_word' id='word_1_267' title='bbox 723 3212 808 3269; x_wconf 89' lang='lat' dir='ltr'>eto...</span> <span class='ocrx_word' id='word_1_268' title='bbox 837 3210 989 3278; x_wconf 85' lang='lat' dir='ltr'>Attamen,</span> <span class='ocrx_word' id='word_1_269' title='bbox 1006 3207 1161 3279; x_wconf 74' lang='lat' dir='ltr'>utsupra</span> 
     </span>
     <span class='ocr_line' id='line_1_36' title="bbox 200 3287 1161 3375; baseline -0.006 -20"><span class='ocrx_word' id='word_1_270' title='bbox 200 3293 347 3357; x_wconf 55' lang='lat' dir='ltr'>&#39;babilam</span> <span class='ocrx_word' id='word_1_271' title='bbox 362 3293 453 3355; x_wconf 87' lang='lat' dir='ltr'>habet</span> <span class='ocrx_word' id='word_1_272' title='bbox 462 3296 494 3356; x_wconf 87' lang='lat' dir='ltr'>S.</span> <span class='ocrx_word' id='word_1_273' title='bbox 508 3295 631 3375; x_wconf 79' lang='lat' dir='ltr'>Lignor.</span> <span class='ocrx_word' id='word_1_274' title='bbox 649 3294 829 3357; x_wconf 88' lang='lat' dir='ltr'>sententiam</span> <span class='ocrx_word' id='word_1_275' title='bbox 837 3295 999 3356; x_wconf 88' lang='lat' dir='ltr'>Bonaeinae</span> <span class='ocrx_word' id='word_1_276' title='bbox 1011 3301 1041 3355; x_wconf 91' lang='lat' dir='ltr'>et</span> <span class='ocrx_word' id='word_1_277' title='bbox 1054 3287 1161 3372; x_wconf 82' lang='lat' dir='ltr'>pturtun</span> 
     </span>
     <span class='ocr_line' id='line_1_37' title="bbox 186 3380 1160 3463; baseline -0.008 -20"><span class='ocrx_word' id='word_1_278' title='bbox 186 3407 190 3414; x_wconf 94' lang='lat'>·</span> <span class='ocrx_word' id='word_1_279' title='bbox 215 3380 342 3445; x_wconf 88' lang='lat' dir='ltr'>aliorum</span> <span class='ocrx_word' id='word_1_280' title='bbox 359 3381 527 3444; x_wconf 85' lang='lat' dir='ltr'>dicentium</span> <span class='ocrx_word' id='word_1_281' title='bbox 540 3381 624 3463; x_wconf 89' lang='lat' dir='ltr'>quod</span> <span class='ocrx_word' id='word_1_282' title='bbox 637 3401 709 3444; x_wconf 89' lang='lat' dir='ltr'>oum</span> <span class='ocrx_word' id='word_1_283' title='bbox 731 3382 869 3445; x_wconf 86' lang='lat' dir='ltr'>voluntas</span> <span class='ocrx_word' id='word_1_284' title='bbox 888 3381 1011 3463; x_wconf 89' lang='lat' dir='ltr'>aliquod</span> <span class='ocrx_word' id='word_1_285' title='bbox 1032 3380 1160 3460; x_wconf 81' lang='lat' dir='ltr'>objectum</span> 
     </span>
    </p>
   </div>
   <div class='ocr_carea' id='block_1_7' title="bbox 248 3622 624 3689">
    <p class='ocr_par' dir='ltr' id='par_1_7' title="bbox 248 3622 624 3689">
     <span class='ocr_line' id='line_1_38' title="bbox 248 3622 624 3689; baseline 0.013 -19"><span class='ocrx_word' id='word_1_286' title='bbox 248 3623 272 3673; x_wconf 85' lang='lat' dir='ltr'>t.</span> <span class='ocrx_word' id='word_1_287' title='bbox 289 3623 316 3675; x_wconf 78' lang='lat' dir='ltr'>a.</span> <span class='ocrx_word' id='word_1_288' title='bbox 329 3622 495 3689; x_wconf 55' lang='lat' dir='ltr'>raucam.</span> <span class='ocrx_word' id='word_1_289' title='bbox 505 3624 530 3685; x_wconf 86' lang='lat'>5,</span> <span class='ocrx_word' id='word_1_290' title='bbox 544 3634 572 3674; x_wconf 66' lang='lat' dir='ltr'>no</span> <span class='ocrx_word' id='word_1_291' title='bbox 585 3625 624 3675; x_wconf 82' lang='lat' dir='ltr'>ra</span> 
     </span>
    </p>
   </div>
   <div class='ocr_carea' id='block_1_8' title="bbox 0 0 1204 4094">
    <p class='ocr_par' dir='ltr' id='par_1_8' title="bbox 0 0 1204 4094">
     <span class='ocr_line' id='line_1_39' title="bbox 0 0 1204 4094; baseline 0 0"><span class='ocrx_word' id='word_1_292' title='bbox 0 0 1204 4094; x_wconf 95' lang='lat' dir='ltr'> </span> 
     </span>
    </p>
   </div>
  </div>
 </body>
</html>
