2384 4138
489 225 587 269 carra
609 225 643 270 u.
1018 211 1053 290 lt

71 363 89 401 r
109 341 490 422 igitur'l‘ourn.Conti11...
508 349 537 404 et
551 341 721 404 Salmant...
738 346 824 405 actus
837 360 929 423 supra
947 342 1057 408 relatos

70 451 89 486 η
110 429 228 491 scilicet
237 429 376 491 vellicare
387 449 511 492 manum
521 430 653 501 lamina,
667 432 840 509 intorquere
854 430 1055 511 digitosetc,

73 540 91 576 η
111 517 262 579 damnant
288 518 400 601 peccati
430 519 575 587 mortalis,
591 519 632 580 ob
648 519 878 581 delectationem
900 519 1056 581 carnalem

74 628 92 665 η
112 625 182 686 quae
197 613 271 668 ωηο
285 606 425 682 habetur,
440 608 485 668 vel
500 606 605 668 saltem
618 607 657 668 ob
673 607 768 688 ipsius
788 607 963 688 proximum
979 607 1057 686 peri·

75 716 93 752 a
113 695 232 758 culum.
269 696 308 755 Et
329 695 438 757 merito
461 696 575 774 pariter
602 695 729 757 Groix...
755 695 852 774 rejicit
878 694 1055 774 opinionem

75 805 93 842 a
115 783 250 864 Arriagae
277 783 331 863 qui
358 782 431 844 dicit
456 801 518 845 non
544 784 675 863 graviter
702 800 845 864 peccare,
867 781 920 862 qui
949 787 1057 863 sponte

77 872 264 932 «consentit
289 871 320 932 in
347 870 422 932 tales
444 877 544 932 motus
566 870 646 932 leves
670 872 806 934 carnales
832 875 940 951 sponte
963 869 1056 932 obve-

77 981 95 1018 ο
116 958 246 1021 aientes.
268 981 284 1017 η

116 1050 167 1109 32.
191 1047 222 1108 Si
252 1046 411 1127 posterius,
431 1064 540 1126 nempe
567 1047 591 1108 si
618 1064 666 1107 ras
694 1063 822 1109 venerea
846 1046 885 1108 sit
912 1045 1057 1109 indirecte

72 1134 221 1197 duntaxat
235 1134 337 1208 volita,
350 1134 465 1196 scilicet
481 1134 512 1195 in
526 1152 628 1208 causa,
644 1143 718 1196 tunc
731 1135 803 1202 dari,
813 1139 910 1215 potest
924 1134 1057 1196 materie

75 1223 199 1299 levitas3
217 1223 279 1284 imo
300 1222 467 1303 aliquando
494 1221 643 1301 contingit
661 1227 706 1299 ut,
722 1221 838 1304 absque
860 1221 924 1284 ulla
949 1221 1055 1303 culpa,

72 1328 281 1373 causaearum
292 1308 1057 1391 ponatur·.Quodutclariuspateat,distiaguendum

73 1417 149 1462 eum
176 1399 207 1459 S.
236 1398 357 1479 Liguor.
374 1397 412 1459 de
439 1398 603 1479 pollutione
623 1397 789 1460 disserente
804 1397 872 1478 (lib.
892 1402 923 1476 3,
937 1407 971 1458 n⁰
984 1401 1055 1472 482,

74 1488 169 1563 elci:
185 1487 231 1548 vel
245 1504 337 1549 causa
358 1486 487 1567 graviter
502 1485 599 1548 inlluit
625 1486 655 1548 in
671 1504 737 1548 rem
753 1503 925 1560 veneream,
939 1491 1058 1566 utputa

74 1574 296 1655 pollutionem3
313 1575 358 1637 vel
373 1574 476 1637 leviter
499 1581 615 1635 tantum
637 1572 675 1636 ad
687 1574 770 1636 illam
783 1572 889 1637 tendit.
904 1576 938 1635 In
959 1574 1057 1655 prima

75 1662 259 1744 hypothesi,
288 1663 313 1724 si
339 1679 430 1724 eausa
451 1661 488 1723 sit
512 1680 565 1742 per
590 1679 623 1723 se
649 1661 740 1743 culpa
767 1662 866 1742 gravis
889 1662 921 1723 in
946 1680 1057 1742 genere

83 1750 223 1824 luxuriae,
235 1749 328 1812 veluti
344 1756 441 1812 tactus
454 1749 499 1811 rel
514 1756 654 1828 aspectus
668 1747 882 1831 pudendorum
902 1749 993 1813 alieni
1005 1757 1058 1812 aut

77 1838 194 1918 proprii
214 1837 350 1918 corporis
368 1855 439 1900 cum
459 1835 659 1899 delectatione
672 1838 753 1919 turpi
767 1843 796 1899 et
814 1837 988 1915 deliberata,
1008 1856 1058 1900 as·

55 1988 58 1991 ,
76 1932 183 2005 pectus
196 1925 376 1988 concubitus
389 1924 515 1986 humani
530 1932 559 1986 et
573 1925 771 2006 eogiuttones
780 1942 910 1987 morosae
920 1923 1059 1987 derebus

76 2013 227 2090 venereis,
242 2020 317 2077 tunc
330 2012 458 2094 pollutio
471 2012 542 2075 inde
553 2012 697 2075 eveniens
717 2013 886 2094 imputatur
899 2012 938 2074 ad
950 2030 1054 2094 pecca-

77 2106 146 2164 tum
159 2101 251 2163 etiam
267 2100 410 2175 mortale,
426 2100 496 2164 licet
509 2118 571 2163 non
584 2100 674 2164 luerit
696 2100 823 2175 intenta,
837 2099 930 2164 modo
949 2100 1057 2162 saltem

77 2188 110 2251 in
123 2189 252 2252 confuso
264 2188 390 2270 praevisa
401 2189 517 2265 luerit3
535 2196 566 2251 et
581 2189 639 2252 boc
650 2195 695 2251 eat
708 2195 826 2251 certum
837 2188 918 2269 apud
936 2205 1054 2250 onmes.

76 2278 153 2339 Item
178 2284 260 2339 recte
285 2276 357 2340 dicit
370 2277 482 2358 Sporer
503 2275 542 2339 de
556 2276 724 2358 pollutione
737 2282 802 2339 orta
826 2275 1056 2352 exactionibus,

77 2365 231 2446 quaelicet
245 2364 305 2426 sint
315 2365 449 2428 veniales
464 2383 518 2446 per
529 2384 562 2427 se
575 2372 605 2427 et
620 2384 657 2428 ex
671 2365 800 2444 objecto,
812 2363 943 2427 eradunt
954 2369 1057 2425 tamen

79 2452 223 2515 mortales
249 2453 365 2516 ratione
393 2453 518 2535 periculi
542 2453 672 2534 proximi
695 2451 905 2515 consentiendi
933 2451 965 2513 in
993 2452 1059 2531 ejus
1125 2532 1130 2539 .

78 2547 201 2622 turpem
214 2541 438 2622 cogitationem.
459 2542 567 2603 «Hinc
579 2540 757 2619 dicendum,
771 2539 853 2613 addit
873 2541 905 2601 S.
922 2540 1056 2621 Liguor,

82 2653 99 2690 a
120 2644 183 2692 non
198 2630 335 2710 excusari
348 2649 366 2692 a
380 2630 495 2692 malitia
507 2629 683 2711 pollutionis
700 2631 752 2710 qui
768 2627 916 2710 polluitur
928 2646 965 2691 ex
986 2628 1058 2691 diu-

84 2741 100 2779 «
119 2726 213 2782 turno
225 2717 379 2798 colloquio
392 2736 464 2781 cum
477 2717 577 2798 puella
591 2735 609 2780 a
622 2735 655 2780 se
668 2716 839 2791 inordinate
860 2715 982 2797 dilecta,
997 2716 1058 2780 sal-

84 2829 100 2868 a
119 2814 184 2870 tem
196 2806 238 2871 ob
251 2806 422 2888 periculum
439 2824 617 2870 consensus.
640 2827 656 2865 a

120 2899 173 2959 33.
196 2895 228 2957 Si
251 2902 366 2974 umen,
381 2895 481 2978 pergit
502 2897 535 2960 S.
558 2894 682 2977 Liguor.
709 2894 763 2976 (it.
779 2905 813 2957 ηο
828 2895 913 2978 483),
927 2896 1059 2979 praelctae

81 2985 217 3047 actiones
240 2990 394 3065 ponantur
413 3002 450 3047 ex
471 3001 563 3048 causa
576 2983 746 3047 necessaria
755 2982 802 3047 val
816 2983 893 3061 utili,
907 2990 981 3048 ωηο
994 2985 1060 3067 pol-

82 3073 230 3147 lutiones,
252 3072 307 3135 etsi
331 3072 480 3154 praevisa,
503 3090 567 3136 non
589 3077 661 3136 sunt
686 3072 863 3155 culpabiles,
890 3073 1059 3138 dummodo

84 3160 159 3223 absit
171 3178 340 3225 consensus
349 3161 477 3242 autejus
490 3160 674 3243 periculum.
689 3164 733 3225 lta
746 3162 1058 3241 communiterlliina,

84 3250 187 3335 ortam,
201 3248 327 3334 praevisa
350 3249 517 3330 pollutione
539 3249 759 3329 involuntaria,
781 3251 850 3314 licet
876 3250 1060 3315 confessario
1093 3318 1095 3322 Α

86 3337 188 3398 audire
216 3337 380 3398 mulierum
406 3337 630 3414 confessiones,
660 3348 712 3402 aut
737 3340 837 3418 legere
862 3345 1005 3403 tractatus
1021 3339 1059 3401 de

88 3424 174 3486 rebus
211 3423 350 3504 turpibus
374 3446 382 3496 ;
410 3425 561 3507 chirurgis
592 3429 726 3507 aspicere
751 3435 782 3490 et
808 3435 932 3509 tangere
960 3435 1060 3508 partes

89 3511 261 3580 inhonestas
279 3511 405 3581 ‚lemiuae
416 3516 612 3594 aegrotantis3
628 3515 807 3596 caeterisque
825 3516 967 3578 omnibus
990 3515 1060 3578 lieet

89 3598 214 3681 alloqui,
240 3602 370 3665 oseulari
397 3610 449 3665 aut
474 3603 636 3684 amplexari
662 3604 804 3667 mulieres
829 3605 914 3682 juxta
942 3619 1059 3664 morem

82 3750 86 3755 .
126 3690 319 3768 triae,sarrire
331 3690 483 3755 balneiset
498 3692 625 3771 similia3
639 3693 712 3754 item
727 3691 795 3754 licet
808 3691 836 3752 oi
846 3692 898 3773 qui
913 3704 1059 3769 magnum
