2362 4094
178 162 235 220 151
499 176 536 219 nu
557 175 649 220 nunus
671 176 824 222 vunuuurs.

217 294 246 352 Si
263 300 389 375 uterque
409 292 521 369 conjux
544 289 717 352 affinitatem
732 293 926 369 contraxerit,
938 300 1045 356 neuter
1055 299 1141 375 potest

175 380 432 462 debitumpotere‚
445 387 475 441 et
486 385 594 440 neuter
606 379 732 459 proinde
743 379 1009 458 redderetenetur,
1022 385 1082 444 imo
1094 401 1141 442 nec

177 473 275 548 potest
289 477 309 530 ¹.

215 569 291 629 Nota
314 573 415 629 tamen
431 565 514 648 quod
529 565 566 626 ad
580 565 796 626 incurrendam
812 565 891 628 hano
906 587 1026 645 poenam
1046 567 1140 648 requi-

176 654 250 715 ritur
274 663 307 717 ut
330 657 442 734 conjux
465 661 568 735 peccet
594 672 665 714 cum
693 655 817 716 scientia
841 656 922 736 tegis
944 657 1140 718 ecclesiastiea

176 740 259 803 iliam
274 745 439 805 statuentis.
456 747 498 804 lta
513 741 697 822 probabilius
712 744 743 804 S.
761 744 881 825 Liguor.
896 744 949 804 lib.
967 749 998 820 6,
1016 754 1047 804 n⁰
1062 749 1139 815 1011,

176 839 235 892 eta
261 832 471 902 fortioricunr
486 831 611 893 scientia
626 830 706 901 iacti,
725 826 819 905 tuin.‚‘
837 852 871 892 n0
901 837 989 896 tora.
1013 833 1140 894 Probabi-

177 919 235 980 tius
252 921 342 982 etiarn
353 920 574 1001 excusaturqui
585 919 722 999 peccavit
730 920 770 981 ob
782 939 903 1002 gravem
920 931 1047 983 metum.
1061 920 1117 982 ibid
1131 968 1138 992 ,

178 1026 212 1068 no
226 1013 313 1071 tort.

218 1099 319 1160 Potest
340 1104 439 1160 autern
465 1115 527 1160 non
550 1103 668 1160 tantum
693 1097 835 1172 reddere,
863 1099 915 1161 sed
940 1101 1031 1159 etiam
1051 1107 1139 1180 petere

177 1190 288 1264 coniux
303 1205 412 1248 vovens
427 1187 605 1266 religionem
628 1186 745 1266 ingredi
760 1187 805 1247 vei
818 1206 919 1248 sacros
933 1188 1057 1249 ordines
1080 1204 1138 1246 sus-

176 1277 278 1357 cipere
289 1282 356 1356 post
370 1276 486 1337 obitum
502 1276 604 1337 uxoris
618 1295 625 1350 ;
644 1294 699 1336 nec
714 1274 820 1337 adhoc
833 1276 1059 1356 dispensatione
1072 1273 1139 1335 indi-

178 1371 237 1442 get‚
251 1382 321 1425 curn
334 1363 406 1424 nihii
417 1371 491 1424 tunc
502 1369 608 1425 contra
621 1374 727 1424 votum
742 1368 810 1444 agat
823 1367 845 1423 ².

218 1475 287 1530 274.
312 1474 344 1530 2⁰
369 1469 445 1532 Cura
468 1471 791 1530 excommunicationis.
806 1472 891 1531 Certe
907 1488 1140 1532 nonexrommu·

180 1558 296 1619 nicetus
330 1564 426 1637 potest
463 1558 597 1620 debitum
621 1560 659 1619 ab
681 1561 947 1620 excommunicato
974 1566 1090 1639 prtere;
1115 1556 1139 1616 id

179 1647 327 1706 concessit
342 1645 504 1727 Gregorius
520 1650 573 1708 vu
583 1667 649 1727 cap.
668 1647 813 1721 (inanium
828 1648 947 1722 uiuitur,
964 1666 1055 1709 causa
1068 1665 1097 1718 u,
1110 1665 1137 1726 q.

179 1738 209 1795 3.
226 1769 266 1780 -
281 1739 331 1794 dn*
355 1742 456 1797 autem
480 1735 568 1797 liceat
586 1736 850 1798 excommunicato
872 1737 997 1816 petere?
1027 1734 1139 1808 Quidam

180 1814 340 1902 negarunt,
354 1824 405 1884 sed
429 1825 514 1903 juxta
532 1843 730 1886 communem
744 1831 774 1887 et
795 1825 942 1886 veriorem
960 1823 1138 1889 sententiam,

181 1912 211 1972 id
223 1912 278 1992 ipsi
293 1911 362 1972 ticet
390 1911 420 1972 in
441 1912 574 1993 periouto
598 1913 835 1988 incontinentiae,
857 1915 897 1974 ob
910 1914 1057 1974 rationem
1072 1908 1140 1991 quod

181 1999 263 2080 teges
273 2000 408 2062 ecciesiae
423 2020 485 2063 non
507 2002 642 2081 obligant
655 2020 726 2063 oum
738 2001 1027 2063 tantuincommodo
1042 2003 1062 2061 ³.
1137 2054 1140 2059 .

220 2113 289 2169 275.
313 2112 345 2171 3ο
360 2111 460 2168 Perse
482 2127 542 2168 non
561 2107 632 2169 licet
650 2108 786 2170 debitum
802 2116 904 2188 petere
924 2127 997 2171 cum
1022 2104 1140 2188 periculo

181 2198 315 2258 sanitatis
335 2199 359 2258 si
375 2216 486 2276 nempe
497 2196 640 2258 alteruter
654 2199 820 2277 conjugum
836 2198 930 2278 lepra,
943 2204 1037 2277 peste,
1049 2193 1140 2256 morbo

182 2286 301 2365 gattico,
325 2285 587 2366 [indistinctio
611 2287 717 2348 morbo
738 2287 915 2367 contagioso
939 2286 1055 2347 taboret
1067 2304 1074 2345 :
1086 2284 1140 2344 rita

181 2375 263 2435 eninr
280 2394 342 2436 suae
364 2381 415 2436 aut
443 2375 656 2435 incolumitatis
677 2394 767 2437 nemo
791 2384 835 2437 est
859 2374 1014 2437 dominus.
1040 2372 1139 2434 Proba-

183 2464 282 2525 bititer
292 2474 393 2525 tamen
406 2463 509 2525 dicunt
522 2464 623 2542 piures
634 2464 748 2543 quodsi
758 2463 885 2525 morbus
895 2470 972 2525 esset
982 2463 1139 2531 diuturnus,

183 2573 240 2614 nec
266 2560 394 2614 mortem
420 2554 557 2632 proxime
583 2552 726 2625 inferens
751 2572 812 2613 non
827 2559 906 2614 esset
929 2552 1140 2614 ittioitumsann

183 2641 534 2722 petereexiustacausa,
551 2641 671 2704 fovendi
687 2642 831 2703 nimirum
853 2659 989 2702 amorem
1013 2641 1139 2718 coniuga-

183 2730 256 2807 lem,
266 2730 516 2792 incontinentiam
529 2732 559 2791 in
576 2749 608 2792 se
623 2730 667 2791 151
678 2731 709 2790 in
724 2730 784 2791 alio
798 2730 929 2804 vitandi3
944 2747 1033 2791 secus
1043 2734 1139 2797 autem,

183 2818 207 2879 si
222 2826 361 2899 ageretur
371 2819 408 2879 de
425 2820 531 2880 morbo
540 2819 592 2900 qui
614 2819 690 2881 solet
709 2819 747 2880 de
772 2819 853 2880 brevi
875 2824 905 2880 et
925 2817 1004 2879 sacili
1029 2822 1140 2878 mortem

183 2906 305 2985 inferre,
322 2916 352 2970 ut
369 2909 460 2988 pestis
482 2914 513 2968 51
526 2908 608 2988 lepra
629 2907 752 2969 leonina
774 2926 833 2988 qua
851 2907 999 2968 frustatim
1023 2901 1139 2967 membra

183 2996 337 3058 decidunt.

159 3114 161 3117 ’
190 3106 207 3154 .'
226 3086 359 3147 Advertit
372 3092 473 3147 autem
487 3089 517 3148 S⁴
530 3088 650 3165 Lignor.
669 3087 679 3120 ⁸
694 3084 774 3166 quud
787 3086 899 3160 conjnx
911 3083 1041 3145 intectus
1051 3077 1140 3142 morbo

184 3175 294 3256 gattico
317 3180 369 3236 aut
393 3174 451 3235 atio
479 3175 614 3238 similiter
639 3170 814 3253 contagioso
837 3191 898 3233 non
923 3172 1031 3233 debeat
1045 3175 1140 3251 petere,

216 3386 238 3434 1.
257 3385 283 3434 P.
303 3385 386 3448 Gnip,
403 3391 419 3434 t.
433 3384 457 3444 2,
472 3385 565 3446 110811,
577 3385 612 3434 11,
706 3432 707 3436 ,
733 3398 736 3405 ’

215 3456 239 3504 2.
258 3456 284 3504 P.
299 3456 371 3518 Gury,
383 3454 485 3513 ibid.,n⁰
498 3457 552 3506 atu

187 3594 192 3604 α
216 3528 240 3575 3.
259 3526 285 3574 S.
303 3526 415 3588 Liguri„
428 3527 471 3576 lib.
489 3528 512 3587 u,
531 3528 764 3586 n⁰93130tHomo
783 3525 946 3590 Apostolicua,
963 3530 993 3574 tr.
1016 3524 1054 3585 18,
1073 3532 1097 3571 n⁰
1110 3519 1140 3576 it,

186 3596 455 3724 'nimriuunoeou
1030 3632 1033 3637 ’
