2378 4102
183 140 243 206 {88
387 207 431 238 U,
485 156 545 204 von
566 158 659 206 aram
678 157 835 219 rxxnpms.
898 163 899 166 ¹

223 278 292 338 tat.
316 278 442 349 Quaerit.
454 282 488 338 4⁰
502 279 548 338 rtn
559 276 718 359 praedictas
731 278 888 345 incurrant
902 294 1010 357 poenas
1022 275 1148 338 mulieres

183 365 322 445 quaesibi
337 365 479 428 abortum
491 365 686 447 procurant?
750 364 752 367 ’

223 453 312 534 Resp.
337 453 460 517 Certum
483 454 603 518 videtur
619 453 712 536 guod
734 455 893 519 incurrant
912 471 1021 535 plenas
1040 458 1147 531 tempo-

183 541 274 614 rales,
286 548 320 604 ut
332 561 475 624 expresse
495 544 600 604 asserit
612 543 696 605 Bulla
711 542 895 616 Enroenoto,
912 541 943 602 in
958 542 991 622 §S
1006 547 1021 603 l
1039 548 1068 602 et
1079 544 1148 601 t.-

183 631 290 702 Quoad
301 649 372 693 vero
387 629 492 712 poenas
506 631 688 713 spirituales,
704 631 1057 695 excommunicationem
1073 627 1147 690 vide·

185 717 267 793 licet,
292 721 544 796 controvertitur3
574 721 720 782 sententia
757 719 883 800 quidem
910 716 1147 794 communissima

184 805 330 882 affirmat3
346 814 478 869 attamen
504 811 536 870 S.
560 809 683 890 Liguor.
698 807 883 888 probabilius
895 806 1013 886 judicat
1030 824 1080 868 eas
1097 821 1145 865 non

185 894 344 957 incurrere
366 902 568 977 praegnantes,
583 897 668 978 quia,
681 894 840 959 statuendo
852 895 890 956 de
908 896 1010 976 poenis
1022 893 1146 974 spiritua·

185 982 281 1061 tibus,
298 983 385 1046 Bulla
399 985 534 1064 loquitur
545 986 689 1048 duntaxat
700 983 739 1047 dc
757 983 794 1044 iis
807 983 860 1064 qui
874 982 922 1044 cel
929 1001 1008 1063 quoe,
1019 982 1068 1043 uti
1076 981 1147 1062 priu-

183 1072 305 1153 cipoles,
320 1073 367 1134 vet
384 1074 524 1150 utactio,
539 1073 579 1136 od
592 1074 653 1134 tole
666 1073 783 1152 focinus
796 1070 1036 1132 committendum
1047 1117 1055 1143 ,
1067 1087 1144 1150 opero,

182 1162 351 1230 consilium,
366 1164 508 1243 favorem,
520 1163 670 1246 potionem
684 1161 729 1223 vet
745 1162 810 1224 ulio
822 1160 1147 1223 medicamentoscienter

182 1249 317 1312 dederint
331 1253 353 1312 ¹.
370 1251 596 1322 Ouaeverba-de
606 1251 832 1332 pregnantibus
846 1266 908 1310 non
923 1248 1063 1310 videntur
1073 1261 1146 1327 posse

184 1340 324 1420 intelligi.
350 1343 477 1402 t‘eccant
498 1346 602 1403 mmen
625 1340 753 1420 graviter
768 1338 914 1401 mutieres
938 1337 1080 1416 gravidae,
1095 1350 1146 1396 non

182 1433 301 1490 tantum
328 1429 451 1507 quando
473 1429 630 1510 potionem
654 1435 779 1490 sumunt
806 1434 839 1489 ut
866 1425 989 1487 abortus
1016 1425 1082 1499 liat,
1104 1420 1147 1483 sed

184 1516 300 1591 etiam,
327 1517 351 1577 si
380 1518 461 1617 gravi
488 1516 693 1596 imprudentia
719 1515 891 1596 proximam
919 1513 1016 1594 ipsius
1038 1517 1147 1575 cadum

181 1602 313 1684 ponant,
329 1604 490 1682 nimiis,v.
513 1625 557 1686 g.,
572 1604 726 1667 laboribus
745 1602 900 1675 vacando,
920 1619 1034 1682 magna
1056 1615 1148 1681 aspor-

181 1691 281 1755 tando
294 1710 398 1763 onera,
410 1693 502 1773 pedes
521 1691 874 1774 aquatrigidalavando‚
891 1650 1147 1804 lmmodemtesal-

185 1779 289 1854 tando,
306 1787 363 1842 etc
777 1814 780 1819 >

223 1889 293 1949 325.
317 1885 440 1957 Quaerit
460 1891 493 1948 5⁰
509 1890 554 1948 An
569 1884 774 1967 irregularitas
787 1884 999 1950 incurraturin
1014 1884 1144 1991 dubioan

185 1974 239 2036 loet
227 1981 276 2036 tus
294 1975 332 2036 sit
351 1993 448 2037 necne
461 1975 638 2037 animatust

222 2065 315 2144 aesp
332 2064 593 2127 controvertitur:
607 2053 714 2125 Primo
727 2072 839 2126 sentent
840 2084 872 2126 tu
880 2063 1029 2135 affirmat.
1046 2077 1146 2143 quiam

184 2153 268 2213 omni
281 2152 375 2213 dubio
393 2151 577 2214 homicidio
571 2153 736 2229 incurritur
750 2152 963 2232 irregularitas.
980 2153 1070 2213 Juxta
1083 2149 1147 2210 hanc

185 2242 366 2309 sententiam
380 2240 537 2304 habendus
559 2246 635 2302 esset
649 2247 683 2302 ut
697 2238 871 2323 irregularis
881 2240 906 2301 is
916 2240 970 2321 qui
985 2239 1146 2320 procuraret

185 2329 325 2392 abortum
336 2335 403 2409 post
413 2332 453 2391 40
468 2329 543 2407 dies,
557 2336 585 2390 ct
595 2328 706 2391 dicitur
719 2330 763 2390 sic
774 2329 884 2390 servari
898 2328 1039 2389 in'Sacra
1054 2323 1144 2388 Poeni-

185 2419 334 2479 tentiaria.
360 2416 492 2480 Secundo
507 2418 650 2479 sententio
672 2416 770 2478 verior
784 2423 874 2496 negat
888 2435 897 2475 t
913 2415 985 2495 quia
1001 2429 1146 2496 nunquam

183 2503 350 2568 incurritur
365 2502 567 2586 irregularitas
578 2505 634 2566 nisi
649 2505 687 2567 sit
700 2505 730 2565 in
745 2505 814 2583 jure
828 2520 980 2583 expressa,
996 2508 1030 2564 ut
1043 2503 1147 2573 constat

185 2610 251 2673 cap.
269 2594 306 2654 .Is
332 2595 395 2674 qui,
414 2593 456 2655 De
472 2602 546 2655 aaut.
563 2612 709 2655 'excomm
728 2610 844 2672 :porro
868 2593 918 2670 jus
940 2589 1013 2651 dicit
1035 2587 1144 2670 quidem

183 2680 298 2742 incurri
329 2682 579 2764 irregularitatem
595 2682 634 2742 ab
647 2699 684 2743 eo
698 2679 736 2742 de
751 2698 813 2761 quo
826 2679 982 2741 dubitatur
995 2696 1034 2740 an
1055 2691 1145 2738 revera

184 2770 370 2831 commiserit
385 2770 583 2833 homicidium
603 2775 686 2833 certo
700 2774 892 2849 patratum,s
878 2765 931 2828 sed
943 2784 1071 2828 omnmo
1080 2767 1146 2825 tacet

184 2854 307 2920 decasu
322 2857 430 2939 inquo
448 2859 597 2921 incertum
619 2865 662 2919 est
677 2876 716 2918 an
730 2855 929 2918 homicidium
950 2873 1054 2917 revera
1070 2848 1146 2915 luerit

186 2952 404 3027 perpetratum,
415 2954 506 3028 prout
526 2953 572 3010 est
596 2964 685 3008 casus
699 2963 848 3026 praesens3
864 2942 947 3005 unde
972 2942 1033 3005 dici
1054 2938 1146 3020 nequit

186 3033 438 3116 irregularitatem
453 3034 531 3097 htc
524 3034 657 3111 incurri3
680 3040 709 3094 et
723 3031 805 3114 quod
827 3032 937 3094 dicitur
956 3028 996 3092 de
1010 3027 1145 3110 irregula-

183 3124 275 3186 ritate
288 3123 452 3186 dicendum
468 3124 579 3204 pariter
592 3123 631 3184 de
645 3120 998 3184 excommunicatione.
974 3121 986 3155 ³

127 3230 131 3237 ’
224 3234 294 3292 326.
317 3230 494 3292 Nonsolum
505 3230 601 3310 paenis
615 3222 1145 3307 ecclesiasticisplectunturabortum

186 3322 398 3469 preparantes,
424 3318 479 3379 sed
505 3316 703 3397 sequentibus
725 3313 896 3381 multantur
914 3313 944 3374 in
969 3312 1146 3375 toronostro

186 3426 242 3467 crvr
258 3428 266 3468 1
282 3428 289 3467 ε

217 3584 240 3630 1.
259 3584 285 3633 S.
303 3584 414 3650 Lignea,
427 3587 471 3638 lib.
484 3588 509 3648 3,
521 3591 549 3637 n⁰
559 3588 614 3651 395,
626 3588 753 3655 quartat.

216 3652 240 3700 t.
259 3653 284 3702 S.
303 3653 415 3718 Lignor,
426 3656 471 3706 lib.
482 3658 506 3718 3,
517 3668 544 3707 n⁰
554 3657 611 3709 396.
