2378 4102
513 161 550 205 DE
572 157 665 208 REBUS
684 159 838 208 tubunnis.

194 295 292 348 secus,
306 277 430 338 absente
441 277 492 340 tati
506 296 608 341 causa.
625 280 689 340 Nec
702 279 854 341 sufficeret
871 278 1019 340 motivum
1038 326 1046 352 ,
1065 284 1162 341 utnon

193 366 232 424 sit
251 366 362 442 coniux
382 365 450 446 jure
467 366 612 428 reddendi
632 366 788 448 privatus:
805 366 875 448 quia
890 366 967 427 sicut
984 372 1098 445 petens
1114 356 1177 429 noni

193 452 343 603 pppptupps
366 455 404 515 ad
424 454 467 516 sic
487 454 662 536 petendum,
682 455 721 516 ita
742 474 799 517 nec
822 453 956 520 reddens.
972 454 1014 516 ad
1038 456 1084 517 sic
1104 454 1164 517 red-

235 650 333 708 Potest
347 648 471 728 quidem
491 651 601 728 conjux
623 650 750 712 reddere
767 650 881 711 habens
903 651 1018 727 justam
1034 669 1162 722 causam,

193 736 245 795 scd
260 736 297 796 ed
317 736 347 796 id
369 756 429 797 non
455 746 674 813 tenetur·‚'cu1n
696 739 771 801 alter
788 757 849 800 non
871 737 979 799 habeat
995 739 1048 817 jus
1071 739 1110 800 ad
1130 741 1162 801 sit

195 824 381 903 petendum3
404 832 559 888 teneretur
584 833 685 888 tamen
714 827 839 889 reddere
868 828 890 887 si
916 832 1023 905 potens
1049 827 1163 889 haberet

194 913 303 991 pariter
311 914 423 993 justam
434 933 557 977 causam
569 916 626 978 boc
638 917 728 977 modo
740 915 870 996 petendi,
882 920 955 995 puta
967 916 1004 975 ad
1018 917 1160 978 vitandam

194 1002 443 1063 incontinentiam
458 1008 477 1063 ¹.
555 1004 560 1014 ’

233 1108 279 1168 An
294 1116 394 1170 nutem
417 1105 492 1169 uxor
507 1109 601 1188 possit
619 1109 664 1170 vel
679 1117 818 1171 teneatur
838 1109 966 1170 reddere
980 1110 1045 1170 viro
1060 1110 1159 1172 volenti

193 1198 344 1259 seminare
358 1206 440 1258 extra
456 1216 523 1269 vass
534 1197 742 1278 expendemus
755 1199 833 1259 inira
851 1197 944 1278 (utu).

234 1308 301 1366 299.
327 1306 370 1365 Ex
390 1306 478 1365 dictis
492 1306 629 1383 sequitur
644 1306 772 1384 graviter
789 1323 914 1385 peccare
931 1304 1078 1384 conjuges
1093 1304 1117 1364 si
1135 1322 1160 1363 sc

194 1391 375 1471 impotentes
387 1393 512 1455 reddant
526 1397 616 1453 etiem
631 1393 737 1454 mediis
749 1394 822 1454 alias
836 1393 934 1469 licitis,
946 1412 974 1452 v.
988 1413 1019 1471 g.
1031 1393 1158 1471 Jejuniis

194 1479 285 1540 invita
309 1481 423 1542 scilieet
444 1493 612 1560 compar-te.
637 1485 702 1543 imo
727 1482 782 1552 vir,
799 1483 823 1542 si
850 1480 1018 1560 ieiunando
1041 1481 1159 1562 incapax

194 1566 280 1628 tieret
301 1569 436 1630 debitunt
465 1570 630 1644 reddendi,
660 1588 721 1631 non
749 1571 923 1631 observaret
949 1569 1030 1630 licite
1055 1569 1159 1647 jejunia

142 1725 147 1733 .
194 1655 347 1717 Ecclesiae.
360 1659 453 1719 Secus
466 1667 511 1719 est
523 1657 687 1720 dicendum
699 1657 738 1719 de
752 1676 859 1734 uxore,
875 1658 945 1739 quia
956 1658 1078 1719 difficite
1089 1656 1160 1719 vide

193 1750 242 1804 tur
254 1744 336 1824 quod
352 1744 502 1825 impotens
516 1745 568 1808 iiat
583 1765 635 1827 per
644 1747 759 1825 ieiunia
774 1746 812 1807 ad
828 1746 1018 1808 reddendum
1032 1745 1158 1807 debitum

193 1831 354 1911 conjugale
368 1854 374 1893 :
393 1852 517 1912 peccare
530 1842 631 1896 tamen
646 1840 747 1914 posset
760 1836 804 1896 sic
820 1852 852 1895 so
866 1832 1036 1895 deformem
1050 1833 1157 1896 notabi-

194 1919 260 1979 titer
274 1922 408 1984 etticiens
417 1926 440 1984 ².

235 2037 303 2096 300.
335 2058 351 2094 «
371 2037 602 2102 Notandum...⁴
624 2037 706 2118 quod
745 2038 891 2116 conjuges
924 2035 1042 2098 ratione
1074 2031 1155 2096 debiti

185 2144 214 2199 ¹«
235 2123 379 2185 reddendi
403 2132 563 2188 tencantur
582 2125 766 2199 cohabitare,
783 2143 846 2187 non
868 2123 967 2186 sotum
989 2123 1088 2204 quoad
1105 2122 1154 2182 dc

198 2232 214 2268 «
235 2229 332 2287 mum,
348 2213 401 2274 scd
417 2214 507 2276 etiam
523 2214 623 2296 quoad
638 2222 751 2289 torum,
769 2214 826 2275 nisi
848 2221 1027 2292 separentur
1041 2214 1076 2274 e'x
1090 2228 1155 2272 cou-

198 2321 213 2358 «
233 2301 1153 2384 sensu‚absitquetuncpericulumincontinentiaeetdamnum

198 2410 213 2445 n
234 2390 431 2453 educationis.
449 2391 497 2451 Vir
517 2399 621 2453 antem
640 2391 721 2453 licite
741 2369 837 2472 pdest
855 2391 1010 2470 suscipere
1031 2390 1153 2469 aliquam

196 2499 212 2533 «
233 2477 353 2540 brevem
375 2480 650 2562 peregrinationem
668 2499 706 2542 ex
728 2498 818 2542 causa
837 2479 1017 2554 devotionis,
1041 2477 1087 2538 vel
1102 2474 1152 2537 atie

197 2588 212 2623 n
233 2564 369 2642 honesta,
389 2570 479 2630 etiam
495 2570 589 2630 inrita
613 2587 727 2645 uxore3
742 2568 794 2629 sed
811 2586 873 2630 non
889 2585 967 2630 uxor
984 2564 1150 2628 invitoviro.

197 2676 212 2711 n
234 2651 332 2717 Potest
354 2657 415 2719 imo
430 2660 475 2720 vir
492 2648 583 2720 etiem
604 2658 654 2719 diu
670 2656 787 2732 abesse,
803 2656 828 2717 si
850 2656 879 2717 id
892 2662 1029 2737 oporteat
1049 2654 1083 2714 ed
1101 2651 1151 2712 bo·

196 2765 211 2799 n
234 2762 307 2805 num
322 2737 490 2825 pubiicum,
505 2748 551 2808 vel
567 2747 699 2807 iamiliae.
717 2748 759 2806 lta
774 2742 1149 2807 communiterSancbez...

196 2852 211 2888 a
233 2832 309 2893 Dicit
323 2841 423 2895 autom
440 2836 550 2897 Boss...
568 2853 639 2897 oum
654 2835 775 2896 Tolet...
789 2833 871 2914 quod
884 2833 928 2893 vir
942 2840 1075 2894 teneatur
1085 2836 1149 2890 tunc

196 2941 211 2976 u
231 2922 335 2984 secum
349 2922 461 2986 ducere
474 2942 612 2994 uxorem,
628 2926 653 2984 si
667 2922 828 2985 commode
843 2923 936 3002 possit
946 2926 969 2983 ⁸.
986 2945 1000 2980 a

222 3133 244 3182 r.
263 3133 288 3183 s.
301 3133 412 3199 riguae,
425 3135 493 3195 tun,
507 3145 535 3184 no
546 3134 602 3185 orn.
649 3101 652 3106 ’

220 3203 243 3253 2.
260 3205 286 3254 S.
305 3206 416 3271 Liguor„
432 3205 476 3255 lib.
489 3206 513 3268 6,
525 3216 552 3255 n⁰
564 3205 620 3258 ott.

221 3277 244 3325 3.
262 3277 341 3328 Homo
352 3277 472 3342 Apina,
488 3283 518 3326 tr.
533 3277 572 3336 18,
587 3287 614 3324 n⁰
627 3276 666 3326 51.
