2362 4094
319 269 506 329 nimenmuo
526 271 677 315 usonem*
697 270 730 313 11.
955 252 1012 309 137

35 382 200 461 duntaxat,
215 385 298 463 quia,
308 386 362 450 etsi
378 388 420 451 iiii
435 409 495 452 uon
509 391 638 465 valeant,
654 388 700 451 isti
716 394 818 449 tamen
833 404 936 448 semen
949 403 1014 464 pro

36 466 157 533 iifieum
170 473 308 535 emittere
318 488 445 555 queunt.
469 542 473 549 ,

75 562 155 626 ltem
171 562 322 642 impotens
334 564 515 641 iudicandus
526 577 604 629 esset
618 568 661 629 aie
674 568 726 647 qui
743 565 783 627 ob
798 565 898 627 maiis
914 564 1016 624 (leion
1084 584 1088 594 ·

31 648 198 731 mitatem,
221 656 304 712 tanta
326 670 397 733 erga
422 654 517 734 ipsam
543 656 768 718 abominatione
787 652 956 714 afficeretur
985 659 1017 713 ut

37 737 127 802 uuiio
150 738 244 801 modo
264 747 363 819 posset
376 743 498 804 excitaui
514 743 551 804 ad
566 743 719 824 copulam,
737 749 765 803 et
780 760 835 822 per
849 741 1015 803 triennium

38 824 106 889 haee
118 827 297 909 impotentia
311 828 390 892 vinei
404 833 555 912 nequiret.

77 917 149 977 Non
176 922 356 996 reputantur
385 918 567 999 impotentes
594 919 715 1001 feminae
741 938 811 1000 quae
837 919 927 997 ioetus
956 936 1015 976 aion

37 1003 138 1067 edunt
152 1003 209 1066 nisi
223 1011 370 1087 mortuos,
386 1006 433 1067 vei
448 1009 568 1069 nonnisi
584 1027 657 1070 eum
672 1008 795 1088 proprio
808 1008 875 1068 vitae
899 1006 1018 1086 perieu-

39 1093 132 1157 io.—
156 1095 232 1155 ltem
257 1112 314 1156 nee
335 1096 451 1158 steriles
466 1103 499 1158 ut
522 1098 585 1174 jam
607 1096 857 1178 supradiximus,
880 1098 949 1156 239.
976 1095 1018 1153 De

34 1182 262 1249 seuibusetiam
276 1183 418 1257 diximus,
431 1189 499 1247 238.
509 1186 646 1257 Neeitem
656 1185 836 1263 impotentes
847 1190 917 1244 sunt
928 1181 1019 1262 panio

39 1277 108 1350 post
116 1272 269 1349 morituri,
285 1271 356 1352 quia
366 1273 486 1336 illorum
498 1274 624 1342 actualis
634 1273 811 1353 impotentia
821 1278 865 1332 est
875 1271 1020 1331 duntaxat

39 1359 247 1423 accidentalis.

79 1451 151 1509 246.
176 1447 337 1529 Dispositio
347 1449 497 1531 inigiditati
510 1451 639 1522 omnino
649 1450 796 1532 opposita,
810 1447 1021 1527 nimiauampe

40 1535 188 1610 caliditas,
204 1537 354 1614 ejusmodi
363 1557 430 1601 esse
444 1545 543 1620 potest
557 1546 590 1601 ut
604 1539 813 1619 impotentiam
827 1536 936 1618 pariter
950 1555 1021 1598 con-

40 1624 1021 1704 stituat3sio‚JuxtaeommunissimamDD.sententia1u‚vieimpo-

41 1707 108 1774 iens
121 1721 212 1788 esset,
227 1715 265 1790 si,
280 1713 320 1776 ob
344 1716 469 1777 nimiam
498 1715 691 1790 caliditatem,
718 1734 839 1794 semper
853 1721 937 1775 exoa
957 1732 1019 1782 vas.

41 1806 208 1882 autequam
224 1803 305 1865 coine
327 1798 439 1883 posset,
459 1804 639 1879 seminaret3
660 1803 712 1866 sed
736 1804 801 1865 haee
815 1802 1018 1875 calidianus,

39 1887 127 1967 juxta
142 1891 173 1952 S.
190 1891 338 1952 Thommn
352 1899 382 1953 et
397 1893 490 1970 aiios,
506 1899 686 1973 perpetuum
707 1900 881 1973 potestesse
896 1891 1021 1971 impedi-

42 1984 183 2043 mentum
200 1984 223 2041 ¹.
540 1992 543 1999 ’

80 2071 154 2128 aad.
178 2070 211 2129 3⁰
220 2067 252 2128 E
252 2087 274 2130 a
287 2062 514 2150 improportione
528 2070 651 2131 membri
659 2062 804 2149 penitalis
815 2067 897 2131 eiiest
918 2069 957 2127 im
963 2087 1018 2145 po-

41 2156 137 2216 tentia
156 2178 172 2215 «
184 2157 334 2238 si'uempe
348 2156 461 2218 femina
482 2157 588 2219 habeat
610 2176 662 2219 vas
679 2158 755 2219 adeo
772 2164 888 2216 metum
902 2155 1017 2229 (saitem
1052 2174 1054 2178 ·

46 2266 61 2302 o
81 2250 223 2325 respectu
238 2246 304 2326 vii-i)
321 2252 352 2308 ut
371 2245 420 2306 ilie
440 2255 571 2326 nequeat
582 2251 742 2326 penetrate
759 2266 765 2304 ε
785 2252 857 2304 tune
871 2243 895 2303 si
908 2243 1019 2304 femina

46 2355 61 2389 o
80 2350 146 2407 uon
162 2333 329 2414 possitapta
341 2333 405 2395 fieri
415 2333 661 2415 adeopniamnisi
674 2353 742 2395 eutii
761 2331 1017 2413 perieuiommtis,

46 2445 61 2479 o
81 2440 193 2495 onmes
212 2423 395 2485 conveniunt
420 2424 647 2484 uiatrimouium
669 2440 733 2483 esse
754 2420 873 2481 nullum
900 2436 936 2479 ex
950 2438 1016 2498 oapi.

46 2533 61 2567 «
81 2511 311 2584 Fraterm'totis‚
340 2512 382 2572 De
402 2511 593 2591 naqadana
622 2510 713 2584 uude,
739 2508 856 2570 etiamsi
876 2526 947 2569 enm
967 2509 1017 2569 tati

47 2621 61 2655 o
80 2599 221 2681 perieuio
236 2601 341 2660 moitis
352 2600 418 2680 ipsa
429 2597 519 2660 inerit
533 2600 627 2660 incisa
642 2605 671 2659 et
692 2599 768 2658 iacta
784 2598 902 2671 idonea,
916 2597 1017 2656 maui-

46 2709 60 2745 o
81 2688 222 2748 monium
240 2707 300 2748 uon
314 2688 408 2749 valet:
426 2689 515 2767 quia,
530 2687 612 2768 quod
632 2688 670 2746 ab
686 2687 770 2747 initio
785 2695 829 2746 est
842 2684 1017 2759 invalidum,

46 2798 61 2834 a
80 2775 190 2856 nequit
204 2776 680 2856 taaetutemporiseonvatescere.
697 2777 739 2836 lta
755 2775 1015 2851 comnmniter²n

79 2865 321 2926 Controveititur
334 2883 372 2925 an
385 2860 583 2943 Judiea'udum
605 2864 642 2925 sit
658 2863 776 2925 nullum
793 2863 1017 2924 matrimonium

42 2970 115 3014 casu
131 2970 193 3032 quo
207 2951 315 3014 mutter
329 2961 503 3034 possetapta
515 2952 579 3014 ueri
594 2953 630 3013 ad
645 2951 798 3032 copulam,
814 2952 878 3012 sine
895 2950 1018 3032 quidem

43 3040 181 3120 periculo
195 3042 313 3114 mortis
334 3041 387 3103 sed
401 3060 472 3102 eum
488 3042 586 3121 gravis
600 3042 696 3100 modu
713 3041 857 3120 periculo.
871 3038 1018 3119 Specula-

42 3129 100 3191 tive
116 3129 352 3216 verioeapparet
366 3130 514 3190 sententia
529 3147 643 3209 negans
655 3129 694 3189 ob
709 3131 797 3189 veeba
812 3148 878 3208 cap.
893 3129 1019 3189 lirano-

43 3217 160 3291 m'tetis,
175 3217 225 3279 ubi
240 3218 350 3279 dieitm·
365 3218 481 3279 nulium
496 3237 562 3278 esse
575 3216 753 3294 eonjugium
773 3217 896 3296 quaiido
911 3216 1019 3295 copula

44 3305 151 3386 nequit
160 3305 262 3368 haberi
270 3306 332 3366 nisi
337 3326 392 3386 per
401 3307 573 3368 incisionem
582 3316 634 3366 aad
646 3306 706 3365 alio
716 3304 774 3365 sibi
784 3304 867 3364 modo
877 3303 1018 3364 violentia

43 3393 194 3474 inferetur
207 3415 265 3454 iton
288 3394 468 3456 soluinmodo
489 3395 569 3462 leuis,
586 3393 635 3454 sed
650 3395 730 3473 forte
745 3403 805 3453 tom.
820 3393 968 3472 praetant
983 3411 1020 3451 eo:

43 3502 73 3542 eo
98 3484 204 3543 mortis
222 3482 387 3561 pericnlum
414 3484 564 3544 timeatur.
593 3483 729 3543 Diximus
742 3481 934 3561 speculativa
948 3480 1019 3560 quia

76 3695 97 3743 ι.
118 3695 144 3744 s.
165 3692 276 3758 tigno„
292 3693 334 3741 m.
348 3694 370 3754 u,
384 3702 410 3742 11⁰
427 3691 493 3742 moe.
581 3668 585 3675 ‘

73 3769 96 3821 ’2.
118 3767 143 3815 5.
159 3765 268 3829 bigone,
280 3766 337 3814 idid.
422 3774 435 3821 g
