2362 4094
439 230 531 276 carna·
552 232 583 276 rr.
958 219 997 277 89

23 348 190 429 approbata
215 346 307 409 luerit
329 346 369 408 ob
388 345 622 411 delectationem
649 354 716 430 post
741 367 895 412 somnum.
920 350 997 413 Casu

22 455 93 498 vern
107 455 171 517 quo
183 435 215 498 io
231 454 264 498 se
280 453 341 496 noo
355 434 410 497 luit
422 437 523 511 volita,
540 435 702 499 dicendum
713 456 782 500 earn
794 456 861 500 esse
874 438 920 499 vel
936 457 996 500 non

23 530 241 603 essepecatum
255 541 311 605 pro
333 530 441 585 natura
454 542 553 586 causae
574 526 605 586 in
629 544 689 606 qua
711 526 919 607 luitpraevisa,
948 528 994 589 rel
1071 558 1074 563 ·

24 614 119 692 potuit
132 631 169 674 ac
183 611 291 673 debuit
301 613 469 693 praeridcri.
484 614 515 674 Si
540 632 631 675 causa
660 632 721 675 non
743 614 800 676 luit
823 614 995 696 culpabilis,

26 719 80 762 nec
90 701 156 782 ipsa
170 701 229 762 erit
250 706 407 782 peccatum
422 722 432 776 ;
446 700 471 762 si
484 701 645 782 culpabilis
658 702 881 766 fuitveniatiter
906 711 958 766 aut
972 703 997 765 si

25 792 155 868 graviter
166 792 283 850 remote
297 789 328 850 in
343 806 411 850 eam
426 790 555 864 influxit,
572 789 702 871 pollutio
726 791 786 852 erit
806 791 933 854 venialis
948 812 957 867 3
971 791 996 853 si

26 895 115 938 causa
129 876 185 939 fuit
201 877 338 939 mortalis
350 877 479 960 graviter
491 883 521 939 et
535 878 673 958 proxime
698 879 831 941 influens
855 880 887 941 in
915 897 996 953 eam,

26 965 79 1027 erit
90 965 243 1041 mortalis,
252 966 310 1026 nisi
318 973 389 1027 ante
397 983 540 1027 somnum
547 966 636 1028 fucrit
648 974 798 1029 revocata:
809 969 840 1041 ia
855 986 997 1048 quocasu

27 1072 86 1114 uon
109 1054 167 1116 erit
187 1054 312 1135 quidem
326 1061 485 1134 peecatum
499 1056 623 1136 quaudo
647 1055 774 1135 pollutio
801 1057 921 1131 accidit,
944 1055 996 1127 sed

26 1149 184 1222 peccatum
197 1142 254 1205 fuit
267 1142 391 1224 quando
402 1143 460 1205 tuit
473 1145 569 1225 posita
581 1144 676 1225 ipsius
687 1162 778 1206 causa
793 1149 814 1205 ¹.

63 1233 141 1292 Casu
158 1238 263 1293 autem
282 1250 344 1313 quo
355 1232 481 1316 pollutio
496 1233 527 1293 in
542 1250 652 1294 somno
677 1232 818 1312 iacoepta,
847 1232 877 1293 in
896 1232 997 1313 vigilia

27 1314 196 1402 semiplena
210 1320 305 1382 liuere
319 1322 428 1403 pergit,
445 1321 499 1382 etsi
515 1340 582 1383 eam
604 1322 722 1402 patiens
744 1321 918 1402 experiatur
943 1320 998 1383 dc-

28 1408 281 1472 lectatiooemr-ui
307 1428 370 1472 noa
388 1409 510 1487 resistit,
535 1429 596 1472 non
622 1416 790 1473 esttamen
818 1409 883 1472 haec
908 1409 999 1489 plene

28 1497 201 1572 deliberata,
224 1499 351 1578 proinde
367 1518 428 1561 non
444 1505 490 1561 est
504 1500 642 1572 mortale,
657 1499 710 1562 sed
724 1497 918 1562 solummodo
943 1517 997 1560 re-

29 1587 105 1649 niale
121 1594 280 1667 peccatum
295 1592 319 1649 ’.

67 1681 137 1738 itit.
160 1676 284 1748 uuaerit.
300 1682 333 1737 4⁰
356 1681 402 1739 An
416 1676 457 1738 ob
471 1677 634 1739 honestum
659 1676 765 1752 finem,
781 1678 869 1740 liceat
895 1677 999 1759 pollu-

29 1765 142 1827 tionem
156 1770 272 1844 optare,
284 1770 337 1826 aut
349 1764 387 1827 de
397 1783 432 1828 ea
442 1764 595 1846 gaudere?

67 1853 242 1932 Respondet
257 1854 288 1915 S.
304 1854 426 1934 Lignor.
438 1853 530 1915 licere
542 1871 673 1935 semper,
691 1854 807 1917 nonde
828 1873 931 1932 eausa,
947 1856 1000 1918 sed

29 1941 64 2003 de
89 1941 200 2004 effectu
227 1948 332 2006 secuto
357 1941 511 2015 delectari,
540 1943 657 2004 scilicet
681 1942 721 2004 de
743 1950 858 2005 naturae
885 1961 999 2006 exone-

29 2031 144 2092 ratione
153 2032 174 2091 ⁸.
197 2064 237 2078 -
256 2032 304 2092 An
323 2037 425 2092 autem
438 2031 476 2092 sit
490 2030 617 2105 licitum,
632 2031 673 2092 ob
698 2031 793 2093 finem
820 2032 997 2107 honestum,

31 2138 56 2179 v.
73 2137 134 2200 gr„
147 2119 293 2189 sanitatis,
310 2118 483 2182 minuendae
494 2120 677 2189 tentationis,
691 2120 836 2194 sanitatis,
852 2121 1000 2199 tranquil·
1117 2180 1119 2185 ,

31 2207 121 2269 litatis
135 2207 243 2281 animi,
259 2214 364 2288 optare
377 2208 508 2287 simplici
522 2207 631 2270 affectu
653 2213 853 2289 spontaneam
866 2215 896 2269 et
910 2214 1000 2270 natu-

28 2296 119 2357 ralem
134 2303 251 2356 naturae
266 2296 513 2357 exonerationem
530 2295 621 2357 modo
635 2295 710 2358 illud
732 2294 916 2358 desiderium
937 2314 998 2357 noa

29 2383 162 2445 ritcausa
172 2383 278 2445 efficax
291 2384 477 2464 pollutionis,
492 2385 723 2446 controvertitur
740 2386 818 2444 inter
827 2383 998 2465 theologos:

29 2472 235 2534 affirmativam
257 2473 437 2534 sententiam
454 2472 686 2552 probabiliorem
702 2478 828 2534 censent
840 2471 1000 2533 Salmanti·
1031 2523 1037 2534 .

28 2576 214 2622 eeaseseum
228 2563 259 2622 S.
279 2561 432 2624 Antonino
444 2568 474 2622 et
483 2560 548 2622 aliis
558 2560 705 2642 pluribus.
718 2561 800 2622 Licet
812 2561 923 2642 pariter
930 2579 1003 2640 gau·

29 2647 98 2710 dere
112 2647 151 2712 de
165 2668 212 2724 ea,
229 2651 274 2711 via
290 2649 418 2710 naturali
433 2657 462 2710 et
476 2649 542 2710 siae
567 2655 688 2727 peccato
702 2651 908 2729 contingente,
932 2650 1002 2730 quia

29 2736 180 2818 obJ‘ectum
195 2737 285 2817 hujus
299 2737 438 2799 desiderii
451 2738 613 2818 antgaudii
623 2745 735 2799 nonest
750 2738 882 2812 raalnm3
899 2737 1001 2815 niodo,

30 2825 108 2887 addit
124 2828 156 2888 S.
174 2826 310 2907 lignun,
326 2826 450 2906 pollutio
462 2845 523 2889 non
538 2826 576 2887 sit
592 2833 657 2887 orta
675 2844 712 2887 ex
727 2844 835 2888 somno
847 2827 940 2905 turpi,
956 2826 1001 2887 vel
1052 2820 1054 2823 ’

30 2930 63 2974 ea
73 2920 155 2989 tactu
169 2915 308 2995 proprio;
325 2932 424 2990 secus,
435 2915 521 2992 juxta
535 2913 1003 2998 Salmanticenses,siveneriter

32 3001 185 3064 moderato
208 3001 277 3063 cibo
291 3009 342 3064 ant
370 3002 469 3065 studio
490 3001 566 3077 utili,
593 3001 664 3081 quia
685 3008 759 3063 tunc
778 3000 905 3081 pollutio
925 3008 1005 3064 esset

33 3090 184 3152 naturalis.
198 3092 363 3170 Nunquam
377 3096 492 3171 tamen,
498 3089 581 3170 juxta
591 3090 621 3149 S.
635 3090 784 3169 Liguow,
798 3089 904 3152 lieetse
918 3108 1002 3152 com-

33 3176 149 3254 placere
165 3178 196 3240 in
209 3177 409 3239 delectatione
420 3187 552 3251 causata,
567 3176 619 3238 sed
634 3179 733 3239 solnm
743 3176 875 3258 gaudere
884 3177 922 3239 de
937 3178 1002 3259 pol·

61 3421 83 3469 t.
100 3420 214 3482 Billnart,
231 3420 300 3482 idid„
313 3427 359 3472 art.
373 3422 412 3484 13,
431 3423 491 3498 llice
502 3422 537 3482 2⁰,
565 3431 590 3470 rt
612 3423 701 3487 initum
726 3424 753 3474 S.
778 3423 891 3490 ligone,
914 3425 961 3476 lib.
979 3425 1003 3485 3,

33 3491 128 3613 Ἓξ.
146 3561 258 3628 Ligure,
273 3562 342 3623 ibid,
356 3574 383 3612 n⁰
394 3564 440 3614 tte
451 3582 459 3625 3
472 3570 497 3616 et
513 3563 620 3626 Sattter,
639 3579 678 3632 ap.
698 3565 839 3629 nausiator,
854 3584 878 3635 p.
892 3568 930 3620 33.
946 3624 949 3629 ,

63 3632 86 3683 3.
104 3632 130 3685 S.
147 3632 262 3699 Lignea,
275 3635 344 3697 idid,
356 3634 448 3686 ortuo.
627 3676 629 3679 ,
665 3674 669 3683 ,

63 3703 86 3753 l.
104 3704 159 3756 tit).
173 3705 197 3765 5,
212 3704 290 3755 arao,
