<?xml version="1.0" encoding="UTF-8"?>
<!DOCTYPE html PUBLIC "-//W3C//DTD XHTML 1.0 Transitional//EN"
    "http://www.w3.org/TR/xhtml1/DTD/xhtml1-transitional.dtd">
<html xmlns="http://www.w3.org/1999/xhtml" xml:lang="en" lang="en">
 <head>
  <title>
</title>
<meta http-equiv="Content-Type" content="text/html;charset=utf-8" />
  <meta name='ocr-system' content='tesseract 3.04.00' />
  <meta name='ocr-capabilities' content='ocr_page ocr_carea ocr_par ocr_line ocrx_word'/>
</head>
<body>
  <div class='ocr_page' id='page_1' title='image "./derebusvenereis00craigoog_0032.png"; bbox 0 0 2384 4138; ppageno 0'>
   <div class='ocr_carea' id='block_1_1' title="bbox 461 162 1017 222">
    <p class='ocr_par' dir='ltr' id='par_1_1' title="bbox 461 162 1017 222">
     <span class='ocr_line' id='line_1_1' title="bbox 461 162 1017 222; baseline -0.004 0"><span class='ocrx_word' id='word_1_1' title='bbox 461 175 555 222; x_wconf 77' lang='lat' dir='ltr'><strong>carus</strong></span> <span class='ocrx_word' id='word_1_2' title='bbox 575 176 609 222; x_wconf 90' lang='lat'><strong>11.</strong></span> <span class='ocrx_word' id='word_1_3' title='bbox 981 162 1017 221; x_wconf 73' lang='grc' dir='ltr'><strong>Π</strong></span> 
     </span>
    </p>
   </div>
   <div class='ocr_carea' id='block_1_2' title="bbox 10 297 1030 1529">
    <p class='ocr_par' dir='ltr' id='par_1_2' title="bbox 10 297 1025 1176">
     <span class='ocr_line' id='line_1_2' title="bbox 44 297 1021 386; baseline -0.005 -21"><span class='ocrx_word' id='word_1_4' title='bbox 44 303 114 386; x_wconf 88' lang='lat' dir='ltr'><strong>qui,</strong></span> <span class='ocrx_word' id='word_1_5' title='bbox 134 298 287 364; x_wconf 90' lang='lat' dir='ltr'><strong>sumendo</strong></span> <span class='ocrx_word' id='word_1_6' title='bbox 306 315 460 361; x_wconf 91' lang='lat' dir='ltr'><strong>venenum</strong></span> <span class='ocrx_word' id='word_1_7' title='bbox 480 297 684 371; x_wconf 80' lang='lat' dir='ltr'><strong>mortiterum,</strong></span> <span class='ocrx_word' id='word_1_8' title='bbox 700 297 782 360; x_wconf 92' lang='lat' dir='ltr'><strong>illius</strong></span> <span class='ocrx_word' id='word_1_9' title='bbox 804 298 865 360; x_wconf 86' lang='lat' dir='ltr'><strong>vim</strong></span> <span class='ocrx_word' id='word_1_10' title='bbox 886 297 1021 361; x_wconf 89' lang='lat' dir='ltr'><strong>antidoto</strong></span> 
     </span>
     <span class='ocr_line' id='line_1_3' title="bbox 44 386 1021 467; baseline -0.007 -11"><span class='ocrx_word' id='word_1_11' title='bbox 44 392 180 463; x_wconf 89' lang='lat' dir='ltr'><strong>elideret,</strong></span> <span class='ocrx_word' id='word_1_12' title='bbox 194 389 239 450; x_wconf 92' lang='lat' dir='ltr'><strong>sic</strong></span> <span class='ocrx_word' id='word_1_13' title='bbox 250 387 360 467; x_wconf 86' lang='lat' dir='ltr'><strong>pariter</strong></span> <span class='ocrx_word' id='word_1_14' title='bbox 372 405 432 447; x_wconf 94' lang='lat' dir='ltr'><strong>non</strong></span> <span class='ocrx_word' id='word_1_15' title='bbox 449 396 589 466; x_wconf 76' lang='lat' dir='ltr'>peccaret</span> <span class='ocrx_word' id='word_1_16' title='bbox 604 387 768 450; x_wconf 76' lang='lat' dir='ltr'><strong>fornicator</strong></span> <span class='ocrx_word' id='word_1_17' title='bbox 782 386 968 467; x_wconf 88' lang='lat' dir='ltr'><strong>providendo</strong></span> <span class='ocrx_word' id='word_1_18' title='bbox 982 406 1021 449; x_wconf 90' lang='lat' dir='ltr'><strong>ne</strong></span> 
     </span>
     <span class='ocr_line' id='line_1_4' title="bbox 10 474 1023 557; baseline -0.007 -14"><span class='ocrx_word' id='word_1_19' title='bbox 10 482 11 487; x_wconf 74' lang='grc'>’</span> <span class='ocrx_word' id='word_1_20' title='bbox 44 484 271 543; x_wconf 75' lang='lat' dir='ltr'><strong>nocumentum</strong></span> <span class='ocrx_word' id='word_1_21' title='bbox 292 474 368 557; x_wconf 90' lang='lat' dir='ltr'><strong>proli</strong></span> <span class='ocrx_word' id='word_1_22' title='bbox 383 475 523 538; x_wconf 88' lang='lat' dir='ltr'><strong>eveniret.</strong></span> <span class='ocrx_word' id='word_1_23' title='bbox 549 479 626 539; x_wconf 89' lang='lat' dir='ltr'><strong>Nam</strong></span> <span class='ocrx_word' id='word_1_24' title='bbox 647 480 679 537; x_wconf 86' lang='lat' dir='ltr'><strong>l⁰</strong></span> <span class='ocrx_word' id='word_1_25' title='bbox 694 476 733 537; x_wconf 88' lang='lat' dir='ltr'><strong>de</strong></span> <span class='ocrx_word' id='word_1_26' title='bbox 750 494 783 538; x_wconf 85' lang='lat' dir='ltr'><strong>se</strong></span> <span class='ocrx_word' id='word_1_27' title='bbox 798 494 858 538; x_wconf 94' lang='lat' dir='ltr'><strong>non</strong></span> <span class='ocrx_word' id='word_1_28' title='bbox 879 476 1023 537; x_wconf 87' lang='lat' dir='ltr'><strong>convenit</strong></span> 
     </span>
     <span class='ocr_line' id='line_1_5' title="bbox 42 563 1023 650; baseline -0.007 -19"><span class='ocrx_word' id='word_1_29' title='bbox 42 567 137 650; x_wconf 86' lang='lat' dir='ltr'><strong>jactui</strong></span> <span class='ocrx_word' id='word_1_30' title='bbox 148 563 256 645; x_wconf 89' lang='lat' dir='ltr'><strong>lapidis</strong></span> <span class='ocrx_word' id='word_1_31' title='bbox 266 571 299 626; x_wconf 89' lang='lat' dir='ltr'><strong>ut</strong></span> <span class='ocrx_word' id='word_1_32' title='bbox 313 563 412 638; x_wconf 80' lang='lat' dir='ltr'><strong>laedat,</strong></span> <span class='ocrx_word' id='word_1_33' title='bbox 428 564 480 625; x_wconf 89' lang='lat' dir='ltr'><strong>sed</strong></span> <span class='ocrx_word' id='word_1_34' title='bbox 492 569 610 626; x_wconf 89' lang='lat' dir='ltr'><strong>tantum</strong></span> <span class='ocrx_word' id='word_1_35' title='bbox 626 582 680 644; x_wconf 89' lang='lat' dir='ltr'><strong>per</strong></span> <span class='ocrx_word' id='word_1_36' title='bbox 693 564 845 638; x_wconf 88' lang='lat' dir='ltr'><strong>accidens,</strong></span> <span class='ocrx_word' id='word_1_37' title='bbox 854 563 930 626; x_wconf 92' lang='lat' dir='ltr'><strong>dum</strong></span> <span class='ocrx_word' id='word_1_38' title='bbox 942 564 980 625; x_wconf 89' lang='lat' dir='ltr'><strong>de</strong></span> <span class='ocrx_word' id='word_1_39' title='bbox 990 581 1023 624; x_wconf 83' lang='lat' dir='ltr'><strong>se</strong></span> 
     </span>
     <span class='ocr_line' id='line_1_6' title="bbox 44 648 1024 733; baseline -0.005 -15"><span class='ocrx_word' id='word_1_40' title='bbox 44 652 239 718; x_wconf 76' lang='lat' dir='ltr'><strong>fornicationi</strong></span> <span class='ocrx_word' id='word_1_41' title='bbox 260 652 338 713; x_wconf 87' lang='lat' dir='ltr'><strong>inest</strong></span> <span class='ocrx_word' id='word_1_42' title='bbox 359 648 392 714; x_wconf 79' lang='lat' dir='ltr'><strong>ut</strong></span> <span class='ocrx_word' id='word_1_43' title='bbox 408 651 484 733; x_wconf 92' lang='lat' dir='ltr'><strong>proli</strong></span> <span class='ocrx_word' id='word_1_44' title='bbox 498 659 528 713; x_wconf 91' lang='lat' dir='ltr'><strong>et</strong></span> <span class='ocrx_word' id='word_1_45' title='bbox 542 652 676 714; x_wconf 70' lang='lat' dir='ltr'><strong>societati</strong></span> <span class='ocrx_word' id='word_1_46' title='bbox 692 659 815 728; x_wconf 87' lang='lat' dir='ltr'><strong>noceat;</strong></span> <span class='ocrx_word' id='word_1_47' title='bbox 837 658 868 713; x_wconf 93' lang='lat' dir='ltr'><strong>et</strong></span> <span class='ocrx_word' id='word_1_48' title='bbox 885 652 1024 732; x_wconf 83' lang='lat' dir='ltr'><strong>quarrrris</strong></span> 
     </span>
     <span class='ocr_line' id='line_1_7' title="bbox 44 739 1025 822; baseline -0.004 -17"><span class='ocrx_word' id='word_1_49' title='bbox 44 748 79 805; x_wconf 74' lang='lat'><strong>2⁰</strong></span> <span class='ocrx_word' id='word_1_50' title='bbox 99 743 183 805; x_wconf 89' lang='lat' dir='ltr'><strong>idem</strong></span> <span class='ocrx_word' id='word_1_51' title='bbox 205 741 266 803; x_wconf 90' lang='lat' dir='ltr'><strong>dici</strong></span> <span class='ocrx_word' id='word_1_52' title='bbox 290 746 422 820; x_wconf 85' lang='lat' dir='ltr'><strong>nequest</strong></span> <span class='ocrx_word' id='word_1_53' title='bbox 443 739 482 801; x_wconf 93' lang='lat' dir='ltr'><strong>de</strong></span> <span class='ocrx_word' id='word_1_54' title='bbox 509 741 682 822; x_wconf 82' lang='lat' dir='ltr'><strong>sumptione</strong></span> <span class='ocrx_word' id='word_1_55' title='bbox 705 741 824 814; x_wconf 89' lang='lat' dir='ltr'><strong>veneni,</strong></span> <span class='ocrx_word' id='word_1_56' title='bbox 840 758 912 804; x_wconf 89' lang='lat' dir='ltr'><strong>cum</strong></span> <span class='ocrx_word' id='word_1_57' title='bbox 935 740 973 802; x_wconf 89' lang='lat' dir='ltr'><strong>de</strong></span> <span class='ocrx_word' id='word_1_58' title='bbox 992 757 1025 801; x_wconf 88' lang='lat' dir='ltr'><strong>se</strong></span> 
     </span>
     <span class='ocr_line' id='line_1_8' title="bbox 46 827 1023 908; baseline -0.004 -16"><span class='ocrx_word' id='word_1_59' title='bbox 46 835 205 907; x_wconf 88' lang='lat' dir='ltr'><strong>noceat,et</strong></span> <span class='ocrx_word' id='word_1_60' title='bbox 219 836 395 891; x_wconf 88' lang='lat' dir='ltr'><strong>tamennon</strong></span> <span class='ocrx_word' id='word_1_61' title='bbox 410 829 560 891; x_wconf 87' lang='lat' dir='ltr'><strong>sitillicita</strong></span> <span class='ocrx_word' id='word_1_62' title='bbox 575 829 632 890; x_wconf 91' lang='lat' dir='ltr'><strong>nisi</strong></span> <span class='ocrx_word' id='word_1_63' title='bbox 646 830 676 889; x_wconf 89' lang='lat' dir='ltr'><strong>in</strong></span> <span class='ocrx_word' id='word_1_64' title='bbox 691 835 893 908; x_wconf 89' lang='lat' dir='ltr'><strong>quantumest</strong></span> <span class='ocrx_word' id='word_1_65' title='bbox 905 827 1023 900; x_wconf 85' lang='lat' dir='ltr'><strong>nociva,</strong></span> 
     </span>
     <span class='ocr_line' id='line_1_9' title="bbox 45 916 1025 1000; baseline -0.005 -18"><span class='ocrx_word' id='word_1_66' title='bbox 45 919 106 982; x_wconf 89' lang='lat' dir='ltr'><strong>hoc</strong></span> <span class='ocrx_word' id='word_1_67' title='bbox 122 917 257 1000; x_wconf 85' lang='lat' dir='ltr'><strong>procedit</strong></span> <span class='ocrx_word' id='word_1_68' title='bbox 275 917 358 997; x_wconf 85' lang='lat' dir='ltr'><strong>quod</strong></span> <span class='ocrx_word' id='word_1_69' title='bbox 372 917 507 998; x_wconf 88' lang='lat' dir='ltr'><strong>sumptio</strong></span> <span class='ocrx_word' id='word_1_70' title='bbox 522 917 629 980; x_wconf 87' lang='lat' dir='ltr'><strong>veneni</strong></span> <span class='ocrx_word' id='word_1_71' title='bbox 646 935 707 979; x_wconf 93' lang='lat' dir='ltr'><strong>non</strong></span> <span class='ocrx_word' id='word_1_72' title='bbox 718 916 841 979; x_wconf 89' lang='lat' dir='ltr'><strong>inducat</strong></span> <span class='ocrx_word' id='word_1_73' title='bbox 854 917 1025 998; x_wconf 85' lang='lat' dir='ltr'><strong>periculum</strong></span> 
     </span>
     <span class='ocr_line' id='line_1_10' title="bbox 46 1004 1025 1081; baseline -0.005 -12"><span class='ocrx_word' id='word_1_74' title='bbox 46 1005 309 1081; x_wconf 77' lang='lat' dir='ltr'><strong>hallucinationis,</strong></span> <span class='ocrx_word' id='word_1_75' title='bbox 326 1005 404 1067; x_wconf 85' lang='lat' dir='ltr'><strong>sicut</strong></span> <span class='ocrx_word' id='word_1_76' title='bbox 424 1005 538 1067; x_wconf 87' lang='lat' dir='ltr'><strong>invehit</strong></span> <span class='ocrx_word' id='word_1_77' title='bbox 558 1004 716 1067; x_wconf 86' lang='lat' dir='ltr'><strong>fornicatio</strong></span> <span class='ocrx_word' id='word_1_78' title='bbox 738 1005 777 1065; x_wconf 94' lang='lat' dir='ltr'><strong>ob</strong></span> <span class='ocrx_word' id='word_1_79' title='bbox 791 1004 1025 1068; x_wconf 86' lang='lat' dir='ltr'><strong>delectationem</strong></span> 
     </span>
     <span class='ocr_line' id='line_1_11' title="bbox 47 1092 824 1176; baseline -0.003 -19"><span class='ocrx_word' id='word_1_80' title='bbox 47 1096 123 1176; x_wconf 84' lang='lat' dir='ltr'><strong>ipsi,</strong></span> <span class='ocrx_word' id='word_1_81' title='bbox 136 1113 199 1156; x_wconf 92' lang='lat' dir='ltr'><strong>non</strong></span> <span class='ocrx_word' id='word_1_82' title='bbox 213 1112 285 1156; x_wconf 82' lang='lat' dir='ltr'><strong>sero</strong></span> <span class='ocrx_word' id='word_1_83' title='bbox 297 1093 464 1174; x_wconf 88' lang='lat' dir='ltr'><strong>sumptioni</strong></span> <span class='ocrx_word' id='word_1_84' title='bbox 474 1094 597 1166; x_wconf 86' lang='lat' dir='ltr'><strong>veneni,</strong></span> <span class='ocrx_word' id='word_1_85' title='bbox 612 1092 824 1155; x_wconf 79' lang='lat' dir='ltr'><strong>inhaerentem.</strong></span> 
     </span>
    </p>

    <p class='ocr_par' dir='ltr' id='par_1_3' title="bbox 53 1181 1030 1529">
     <span class='ocr_line' id='line_1_12' title="bbox 79 1181 1027 1264; baseline -0.005 -16"><span class='ocrx_word' id='word_1_86' title='bbox 79 1206 111 1248; x_wconf 78' lang='lat' dir='ltr'><strong>,n</strong></span> <span class='ocrx_word' id='word_1_87' title='bbox 133 1181 316 1256; x_wconf 76' lang='lat' dir='ltr'><strong>Fornicatio,</strong></span> <span class='ocrx_word' id='word_1_88' title='bbox 332 1182 432 1263; x_wconf 88' lang='lat' dir='ltr'><strong>inquit</strong></span> <span class='ocrx_word' id='word_1_89' title='bbox 446 1185 476 1244; x_wconf 88' lang='lat' dir='ltr'><strong>S.</strong></span> <span class='ocrx_word' id='word_1_90' title='bbox 494 1183 618 1264; x_wconf 82' lang='lat' dir='ltr'><strong>Lignor.</strong></span> <span class='ocrx_word' id='word_1_91' title='bbox 638 1186 646 1218; x_wconf 85' lang='lat'><strong>¹</strong></span> <span class='ocrx_word' id='word_1_92' title='bbox 662 1198 782 1261; x_wconf 85' lang='lat' dir='ltr'><strong>semper</strong></span> <span class='ocrx_word' id='word_1_93' title='bbox 805 1187 850 1243; x_wconf 91' lang='lat' dir='ltr'><strong>est</strong></span> <span class='ocrx_word' id='word_1_94' title='bbox 864 1181 1027 1244; x_wconf 84' lang='lat' dir='ltr'><strong>intrinsece</strong></span> 
     </span>
     <span class='ocr_line' id='line_1_13' title="bbox 54 1269 1028 1351; baseline 0 -19"><span class='ocrx_word' id='word_1_95' title='bbox 54 1295 71 1332; x_wconf 84' lang='lat' dir='ltr'><strong>o</strong></span> <span class='ocrx_word' id='word_1_96' title='bbox 93 1271 190 1348; x_wconf 90' lang='lat' dir='ltr'><strong>mala,</strong></span> <span class='ocrx_word' id='word_1_97' title='bbox 210 1271 279 1332; x_wconf 87' lang='lat' dir='ltr'><strong>licet</strong></span> <span class='ocrx_word' id='word_1_98' title='bbox 300 1269 465 1351; x_wconf 90' lang='lat' dir='ltr'><strong>aliquando</strong></span> <span class='ocrx_word' id='word_1_99' title='bbox 487 1290 540 1351; x_wconf 86' lang='lat' dir='ltr'><strong>per</strong></span> <span class='ocrx_word' id='word_1_100' title='bbox 562 1269 702 1333; x_wconf 87' lang='lat' dir='ltr'><strong>accidens</strong></span> <span class='ocrx_word' id='word_1_101' title='bbox 714 1288 739 1340; x_wconf 41' lang='lat' dir='ltr'><strong>,e</strong></span> <span class='ocrx_word' id='word_1_102' title='bbox 753 1269 914 1332; x_wconf 81' lang='lat' dir='ltr'><strong>fornicario</strong></span> <span class='ocrx_word' id='word_1_103' title='bbox 929 1270 1028 1351; x_wconf 88' lang='lat' dir='ltr'><strong>proles</strong></span> 
     </span>
     <span class='ocr_line' id='line_1_14' title="bbox 53 1355 1027 1439; baseline 0 -20"><span class='ocrx_word' id='word_1_104' title='bbox 53 1383 71 1427; x_wconf 77' lang='lat' dir='ltr'><strong>&lt;t</strong></span> <span class='ocrx_word' id='word_1_105' title='bbox 92 1359 174 1422; x_wconf 85' lang='lat' dir='ltr'><strong>hene</strong></span> <span class='ocrx_word' id='word_1_106' title='bbox 197 1359 388 1420; x_wconf 85' lang='lat' dir='ltr'><strong>educaretur.</strong></span> <span class='ocrx_word' id='word_1_107' title='bbox 405 1358 502 1435; x_wconf 80' lang='lat' dir='ltr'><strong>Ratio,</strong></span> <span class='ocrx_word' id='word_1_108' title='bbox 516 1367 580 1420; x_wconf 88' lang='lat' dir='ltr'><strong>turn</strong></span> <span class='ocrx_word' id='word_1_109' title='bbox 594 1357 666 1439; x_wconf 87' lang='lat' dir='ltr'><strong>quia</strong></span> <span class='ocrx_word' id='word_1_110' title='bbox 680 1355 710 1416; x_wconf 93' lang='lat' dir='ltr'><strong>in</strong></span> <span class='ocrx_word' id='word_1_111' title='bbox 737 1357 811 1423; x_wconf 85' lang='lat' dir='ltr'><strong>hoc.</strong></span> <span class='ocrx_word' id='word_1_112' title='bbox 826 1359 866 1419; x_wconf 86' lang='lat' dir='ltr'><strong>ob</strong></span> <span class='ocrx_word' id='word_1_113' title='bbox 882 1377 1027 1438; x_wconf 84' lang='lat' dir='ltr'><strong>magnum</strong></span> 
     </span>
     <span class='ocr_line' id='line_1_15' title="bbox 54 1445 1030 1529; baseline -0.001 -20"><span class='ocrx_word' id='word_1_114' title='bbox 54 1447 265 1529; x_wconf 83' lang='lat' dir='ltr'><strong>opericulum</strong></span> <span class='ocrx_word' id='word_1_115' title='bbox 288 1445 550 1522; x_wconf 84' lang='lat' dir='ltr'><strong>hallucinationis,</strong></span> <span class='ocrx_word' id='word_1_116' title='bbox 577 1466 668 1509; x_wconf 87' lang='lat' dir='ltr'><strong>cause</strong></span> <span class='ocrx_word' id='word_1_117' title='bbox 695 1447 798 1509; x_wconf 82' lang='lat' dir='ltr'><strong>nimiae</strong></span> <span class='ocrx_word' id='word_1_118' title='bbox 820 1447 1030 1509; x_wconf 85' lang='lat' dir='ltr'><strong>delectationis</strong></span> 
     </span>
    </p>
   </div>
   <div class='ocr_carea' id='block_1_3' title="bbox 55 1535 1033 2059">
    <p class='ocr_par' dir='ltr' id='par_1_4' title="bbox 55 1535 1033 2059">
     <span class='ocr_line' id='line_1_16' title="bbox 55 1535 1030 1616; baseline -0.001 -19"><span class='ocrx_word' id='word_1_119' title='bbox 55 1559 72 1597; x_wconf 81' lang='lat' dir='ltr'><strong>u</strong></span> <span class='ocrx_word' id='word_1_120' title='bbox 92 1536 239 1603; x_wconf 81' lang='lat' dir='ltr'><strong>facillime</strong></span> <span class='ocrx_word' id='word_1_121' title='bbox 252 1535 345 1596; x_wconf 87' lang='lat' dir='ltr'><strong>errari</strong></span> <span class='ocrx_word' id='word_1_122' title='bbox 360 1541 476 1614; x_wconf 84' lang='lat' dir='ltr'><strong>potest;</strong></span> <span class='ocrx_word' id='word_1_123' title='bbox 501 1541 567 1597; x_wconf 89' lang='lat' dir='ltr'><strong>tum</strong></span> <span class='ocrx_word' id='word_1_124' title='bbox 578 1538 650 1616; x_wconf 87' lang='lat' dir='ltr'><strong>quia</strong></span> <span class='ocrx_word' id='word_1_125' title='bbox 665 1544 770 1599; x_wconf 87' lang='lat' dir='ltr'><strong>natura</strong></span> <span class='ocrx_word' id='word_1_126' title='bbox 782 1535 1030 1616; x_wconf 72' lang='lat' dir='ltr'><strong>consideratque</strong></span> 
     </span>
     <span class='ocr_line' id='line_1_17' title="bbox 56 1622 1029 1704; baseline -0.001 -19"><span class='ocrx_word' id='word_1_127' title='bbox 56 1648 73 1685; x_wconf 78' lang='lat' dir='ltr'><strong>r</strong></span> <span class='ocrx_word' id='word_1_128' title='bbox 94 1622 312 1699; x_wconf 82' lang='lat' dir='ltr'><strong>communiter,</strong></span> <span class='ocrx_word' id='word_1_129' title='bbox 329 1641 390 1686; x_wconf 91' lang='lat' dir='ltr'><strong>non</strong></span> <span class='ocrx_word' id='word_1_130' title='bbox 401 1642 470 1703; x_wconf 86' lang='lat' dir='ltr'><strong>quae</strong></span> <span class='ocrx_word' id='word_1_131' title='bbox 479 1643 531 1704; x_wconf 88' lang='lat' dir='ltr'><strong>per</strong></span> <span class='ocrx_word' id='word_1_132' title='bbox 545 1624 687 1687; x_wconf 89' lang='lat' dir='ltr'><strong>accidens</strong></span> <span class='ocrx_word' id='word_1_133' title='bbox 701 1626 862 1697; x_wconf 90' lang='lat' dir='ltr'><strong>eveniunt;</strong></span> <span class='ocrx_word' id='word_1_134' title='bbox 878 1631 944 1686; x_wconf 90' lang='lat' dir='ltr'><strong>tum</strong></span> <span class='ocrx_word' id='word_1_135' title='bbox 958 1624 1029 1703; x_wconf 85' lang='lat' dir='ltr'><strong>quia</strong></span> 
     </span>
     <span class='ocr_line' id='line_1_18' title="bbox 55 1713 1031 1790; baseline -0.002 -16"><span class='ocrx_word' id='word_1_136' title='bbox 55 1737 72 1774; x_wconf 75' lang='lat' dir='ltr'><strong>n</strong></span> <span class='ocrx_word' id='word_1_137' title='bbox 93 1713 133 1781; x_wconf 90' lang='lat' dir='ltr'><strong>de</strong></span> <span class='ocrx_word' id='word_1_138' title='bbox 148 1732 180 1775; x_wconf 91' lang='lat' dir='ltr'><strong>se</strong></span> <span class='ocrx_word' id='word_1_139' title='bbox 194 1719 351 1774; x_wconf 88' lang='lat' dir='ltr'><strong>estcontra</strong></span> <span class='ocrx_word' id='word_1_140' title='bbox 364 1714 414 1790; x_wconf 71' lang='lat' dir='ltr'><strong>ius</strong></span> <span class='ocrx_word' id='word_1_141' title='bbox 435 1720 551 1775; x_wconf 85' lang='lat' dir='ltr'><strong>naturae</strong></span> <span class='ocrx_word' id='word_1_142' title='bbox 566 1715 650 1775; x_wconf 86' lang='lat' dir='ltr'><strong>carni</strong></span> <span class='ocrx_word' id='word_1_143' title='bbox 661 1716 809 1776; x_wconf 85' lang='lat' dir='ltr'><strong>rationem</strong></span> <span class='ocrx_word' id='word_1_144' title='bbox 824 1713 981 1790; x_wconf 87' lang='lat' dir='ltr'><strong>subjicere,</strong></span> <span class='ocrx_word' id='word_1_145' title='bbox 998 1719 1031 1775; x_wconf 90' lang='lat' dir='ltr'><strong>ut</strong></span> 
     </span>
     <span class='ocr_line' id='line_1_19' title="bbox 57 1800 1032 1871; baseline -0.002 -8"><span class='ocrx_word' id='word_1_146' title='bbox 57 1825 74 1863; x_wconf 83' lang='lat' dir='ltr'><strong>o</strong></span> <span class='ocrx_word' id='word_1_147' title='bbox 96 1802 207 1871; x_wconf 86' lang='lat' dir='ltr'><strong>accidit</strong></span> <span class='ocrx_word' id='word_1_148' title='bbox 217 1800 248 1862; x_wconf 92' lang='lat' dir='ltr'><strong>in</strong></span> <span class='ocrx_word' id='word_1_149' title='bbox 264 1800 462 1862; x_wconf 80' lang='lat' dir='ltr'><strong>fornicatione</strong></span> <span class='ocrx_word' id='word_1_150' title='bbox 476 1801 516 1862; x_wconf 91' lang='lat' dir='ltr'><strong>oh</strong></span> <span class='ocrx_word' id='word_1_151' title='bbox 530 1800 759 1864; x_wconf 87' lang='lat' dir='ltr'><strong>delectationem</strong></span> <span class='ocrx_word' id='word_1_152' title='bbox 771 1808 865 1864; x_wconf 89' lang='lat' dir='ltr'><strong>actus.</strong></span> <span class='ocrx_word' id='word_1_153' title='bbox 881 1803 915 1862; x_wconf 94' lang='lat' dir='ltr'><strong>ln</strong></span> <span class='ocrx_word' id='word_1_154' title='bbox 927 1801 1032 1862; x_wconf 88' lang='lat' dir='ltr'><strong>matri·</strong></span> 
     </span>
     <span class='ocr_line' id='line_1_20' title="bbox 58 1888 1032 1971; baseline -0.001 -19"><span class='ocrx_word' id='word_1_155' title='bbox 58 1913 75 1971; x_wconf 76' lang='lat' dir='ltr'><strong>p</strong></span> <span class='ocrx_word' id='word_1_156' title='bbox 96 1891 203 1959; x_wconf 85' lang='lat' dir='ltr'><strong>monio</strong></span> <span class='ocrx_word' id='word_1_157' title='bbox 223 1894 346 1961; x_wconf 88' lang='lat' dir='ltr'><strong>autem,</strong></span> <span class='ocrx_word' id='word_1_158' title='bbox 370 1895 433 1949; x_wconf 91' lang='lat' dir='ltr'><strong>esto</strong></span> <span class='ocrx_word' id='word_1_159' title='bbox 448 1888 555 1950; x_wconf 88' lang='lat' dir='ltr'><strong>eadem</strong></span> <span class='ocrx_word' id='word_1_160' title='bbox 569 1888 728 1952; x_wconf 86' lang='lat' dir='ltr'><strong>delectatio</strong></span> <span class='ocrx_word' id='word_1_161' title='bbox 748 1889 936 1960; x_wconf 78' lang='lat' dir='ltr'><strong>interveniat,</strong></span> <span class='ocrx_word' id='word_1_162' title='bbox 951 1891 1032 1951; x_wconf 88' lang='lat' dir='ltr'><strong>Deus</strong></span> 
     </span>
     <span class='ocr_line' id='line_1_21' title="bbox 59 1975 1033 2059; baseline -0.001 -20"><span class='ocrx_word' id='word_1_163' title='bbox 59 2002 76 2059; x_wconf 67' lang='lat' dir='ltr'><strong>p</strong></span> <span class='ocrx_word' id='word_1_164' title='bbox 97 1985 201 2039; x_wconf 74' lang='lat' dir='ltr'><strong>umen</strong></span> <span class='ocrx_word' id='word_1_165' title='bbox 215 1975 336 2058; x_wconf 89' lang='lat' dir='ltr'><strong>speciali</strong></span> <span class='ocrx_word' id='word_1_166' title='bbox 353 1976 539 2057; x_wconf 89' lang='lat' dir='ltr'><strong>providentia</strong></span> <span class='ocrx_word' id='word_1_167' title='bbox 558 1976 692 2058; x_wconf 89' lang='lat' dir='ltr'><strong>disponit</strong></span> <span class='ocrx_word' id='word_1_168' title='bbox 711 1985 744 2040; x_wconf 87' lang='lat' dir='ltr'><strong>ut</strong></span> <span class='ocrx_word' id='word_1_169' title='bbox 763 1977 831 2038; x_wconf 86' lang='lat' dir='ltr'><strong>telis</strong></span> <span class='ocrx_word' id='word_1_170' title='bbox 844 1976 1033 2038; x_wconf 84' lang='lat' dir='ltr'><strong>deordinatio</strong></span> 
     </span>
    </p>
   </div>
   <div class='ocr_carea' id='block_1_4' title="bbox 59 2066 221 2139">
    <p class='ocr_par' dir='ltr' id='par_1_5' title="bbox 59 2066 221 2139">
     <span class='ocr_line' id='line_1_22' title="bbox 59 2066 221 2139; baseline -0.006 -10"><span class='ocrx_word' id='word_1_171' title='bbox 59 2090 76 2139; x_wconf 68' lang='grc' dir='ltr'>ς</span> <span class='ocrx_word' id='word_1_172' title='bbox 99 2066 221 2137; x_wconf 79' lang='lat' dir='ltr'><strong>absit».</strong></span> 
     </span>
    </p>
   </div>
   <div class='ocr_carea' id='block_1_5' title="bbox 24 2237 1038 2850">
    <p class='ocr_par' dir='ltr' id='par_1_6' title="bbox 56 2237 1033 2408">
     <span class='ocr_line' id='line_1_23' title="bbox 57 2237 1033 2329; baseline -0.003 -27"><span class='ocrx_word' id='word_1_173' title='bbox 57 2248 180 2329; x_wconf 75' lang='lat' dir='ltr'><strong>merset</strong></span> <span class='ocrx_word' id='word_1_174' title='bbox 194 2243 279 2319; x_wconf 90' lang='lat' dir='ltr'><strong>alios,</strong></span> <span class='ocrx_word' id='word_1_175' title='bbox 294 2242 358 2303; x_wconf 89' lang='lat' dir='ltr'><strong>dari</strong></span> <span class='ocrx_word' id='word_1_176' title='bbox 374 2247 485 2322; x_wconf 88' lang='lat' dir='ltr'><strong>posset,</strong></span> <span class='ocrx_word' id='word_1_177' title='bbox 501 2241 578 2302; x_wconf 89' lang='lat' dir='ltr'><strong>inter</strong></span> <span class='ocrx_word' id='word_1_178' title='bbox 593 2241 735 2302; x_wconf 89' lang='lat' dir='ltr'><strong>barbaros</strong></span> <span class='ocrx_word' id='word_1_179' title='bbox 751 2237 927 2319; x_wconf 79' lang='lat' dir='ltr'><strong>prasertim,</strong></span> <span class='ocrx_word' id='word_1_180' title='bbox 943 2238 1033 2316; x_wconf 78' lang='lat' dir='ltr'><strong>igno-</strong></span> 
     </span>
     <span class='ocr_line' id='line_1_24' title="bbox 56 2327 670 2408; baseline -0.007 -16"><span class='ocrx_word' id='word_1_181' title='bbox 56 2331 158 2403; x_wconf 80' lang='lat' dir='ltr'><strong>rnntta</strong></span> <span class='ocrx_word' id='word_1_182' title='bbox 173 2329 354 2391; x_wconf 85' lang='lat' dir='ltr'><strong>invincibilis</strong></span> <span class='ocrx_word' id='word_1_183' title='bbox 365 2329 404 2391; x_wconf 92' lang='lat' dir='ltr'><strong>de</strong></span> <span class='ocrx_word' id='word_1_184' title='bbox 417 2328 512 2408; x_wconf 93' lang='lat' dir='ltr'><strong>ipsius</strong></span> <span class='ocrx_word' id='word_1_185' title='bbox 524 2327 636 2389; x_wconf 83' lang='lat' dir='ltr'><strong>malitie</strong></span> <span class='ocrx_word' id='word_1_186' title='bbox 649 2328 670 2388; x_wconf 72' lang='lat'><strong>².</strong></span> 
     </span>
    </p>

    <p class='ocr_par' dir='ltr' id='par_1_7' title="bbox 24 2414 1036 2591">
     <span class='ocr_line' id='line_1_25' title="bbox 99 2414 1036 2497; baseline -0.004 -17"><span class='ocrx_word' id='word_1_187' title='bbox 99 2423 150 2491; x_wconf 74' lang='lat' dir='ltr'><strong>tlt.</strong></span> <span class='ocrx_word' id='word_1_188' title='bbox 175 2417 296 2489; x_wconf 76' lang='lat' dir='ltr'><strong>Quaerit.</strong></span> <span class='ocrx_word' id='word_1_189' title='bbox 315 2422 345 2479; x_wconf 75' lang='grc' dir='ltr'><strong>1ο</strong></span> <span class='ocrx_word' id='word_1_190' title='bbox 365 2420 412 2478; x_wconf 81' lang='lat' dir='ltr'><strong>An</strong></span> <span class='ocrx_word' id='word_1_191' title='bbox 426 2416 555 2497; x_wconf 78' lang='lat' dir='ltr'><strong>graviter</strong></span> <span class='ocrx_word' id='word_1_192' title='bbox 569 2422 674 2496; x_wconf 84' lang='lat' dir='ltr'><strong>peccet</strong></span> <span class='ocrx_word' id='word_1_193' title='bbox 688 2414 796 2478; x_wconf 89' lang='lat' dir='ltr'><strong>mulier</strong></span> <span class='ocrx_word' id='word_1_194' title='bbox 813 2433 873 2476; x_wconf 94' lang='lat' dir='ltr'><strong>non</strong></span> <span class='ocrx_word' id='word_1_195' title='bbox 894 2415 1036 2477; x_wconf 89' lang='lat' dir='ltr'><strong>resistens</strong></span> 
     </span>
     <span class='ocr_line' id='line_1_26' title="bbox 24 2503 1036 2591; baseline -0.008 -19"><span class='ocrx_word' id='word_1_196' title='bbox 24 2534 32 2545; x_wconf 89' lang='lat'><strong>·</strong></span> <span class='ocrx_word' id='word_1_197' title='bbox 57 2508 143 2591; x_wconf 84' lang='lat' dir='ltr'><strong>tprpi</strong></span> <span class='ocrx_word' id='word_1_198' title='bbox 166 2506 342 2586; x_wconf 80' lang='lat' dir='ltr'><strong>congressui</strong></span> <span class='ocrx_word' id='word_1_199' title='bbox 366 2506 509 2582; x_wconf 90' lang='lat' dir='ltr'><strong>alterius,</strong></span> <span class='ocrx_word' id='word_1_200' title='bbox 533 2505 573 2566; x_wconf 91' lang='lat' dir='ltr'><strong>oh</strong></span> <span class='ocrx_word' id='word_1_201' title='bbox 593 2510 709 2566; x_wconf 90' lang='lat' dir='ltr'><strong>metum</strong></span> <span class='ocrx_word' id='word_1_202' title='bbox 730 2505 853 2577; x_wconf 85' lang='lat' dir='ltr'><strong>mortis,</strong></span> <span class='ocrx_word' id='word_1_203' title='bbox 879 2503 1036 2585; x_wconf 88' lang='lat' dir='ltr'><strong>supposito</strong></span> 
     </span>
    </p>

    <p class='ocr_par' dir='ltr' id='par_1_8' title="bbox 85 2592 430 2667">
     <span class='ocr_line' id='line_1_27' title="bbox 85 2592 430 2667; baseline -0.014 -8"><span class='ocrx_word' id='word_1_204' title='bbox 85 2595 147 2667; x_wconf 79' lang='lat' dir='ltr'><strong>uoti</strong></span> <span class='ocrx_word' id='word_1_205' title='bbox 163 2613 225 2657; x_wconf 91' lang='lat' dir='ltr'><strong>non</strong></span> <span class='ocrx_word' id='word_1_206' title='bbox 240 2592 430 2657; x_wconf 67' lang='lat' dir='ltr'><strong>consentiat?</strong></span> 
     </span>
    </p>

    <p class='ocr_par' dir='ltr' id='par_1_9' title="bbox 60 2679 1038 2850">
     <span class='ocr_line' id='line_1_28' title="bbox 106 2679 1038 2764; baseline -0.004 -17"><span class='ocrx_word' id='word_1_207' title='bbox 106 2688 199 2764; x_wconf 83' lang='lat' dir='ltr'><strong>Resp.</strong></span> <span class='ocrx_word' id='word_1_208' title='bbox 226 2683 381 2764; x_wconf 89' lang='lat' dir='ltr'><strong>duplicem</strong></span> <span class='ocrx_word' id='word_1_209' title='bbox 400 2699 466 2744; x_wconf 89' lang='lat' dir='ltr'><strong>esse</strong></span> <span class='ocrx_word' id='word_1_210' title='bbox 486 2681 686 2742; x_wconf 87' lang='lat' dir='ltr'><strong>sententiam:</strong></span> <span class='ocrx_word' id='word_1_211' title='bbox 701 2679 820 2756; x_wconf 84' lang='lat' dir='ltr'><strong>Prima,</strong></span> <span class='ocrx_word' id='word_1_212' title='bbox 832 2700 900 2762; x_wconf 86' lang='lat' dir='ltr'><strong>quae</strong></span> <span class='ocrx_word' id='word_1_213' title='bbox 919 2687 963 2741; x_wconf 91' lang='lat' dir='ltr'><strong>est</strong></span> <span class='ocrx_word' id='word_1_214' title='bbox 984 2681 1038 2743; x_wconf 89' lang='lat' dir='ltr'><strong>Na-</strong></span> 
     </span>
     <span class='ocr_line' id='line_1_29' title="bbox 60 2768 1038 2850; baseline -0.008 -11"><span class='ocrx_word' id='word_1_215' title='bbox 60 2774 153 2848; x_wconf 78' lang='lat' dir='ltr'><strong>rani,</strong></span> <span class='ocrx_word' id='word_1_216' title='bbox 170 2771 243 2846; x_wconf 89' lang='lat' dir='ltr'><strong>Soti,</strong></span> <span class='ocrx_word' id='word_1_217' title='bbox 257 2777 329 2847; x_wconf 84' lang='lat' dir='ltr'><strong>etc,</strong></span> <span class='ocrx_word' id='word_1_218' title='bbox 347 2776 437 2850; x_wconf 83' lang='lat' dir='ltr'><strong>negat</strong></span> <span class='ocrx_word' id='word_1_219' title='bbox 450 2768 596 2847; x_wconf 82' lang='lat' dir='ltr'><strong>virginem</strong></span> <span class='ocrx_word' id='word_1_220' title='bbox 613 2776 665 2830; x_wconf 83' lang='lat' dir='ltr'><strong>sut</strong></span> <span class='ocrx_word' id='word_1_221' title='bbox 678 2769 837 2831; x_wconf 87' lang='lat' dir='ltr'><strong>mulierem</strong></span> <span class='ocrx_word' id='word_1_222' title='bbox 857 2768 951 2830; x_wconf 90' lang='lat' dir='ltr'><strong>teneri</strong></span> <span class='ocrx_word' id='word_1_223' title='bbox 964 2775 1038 2831; x_wconf 90' lang='lat' dir='ltr'><strong>tunc</strong></span> 
     </span>
    </p>
   </div>
   <div class='ocr_carea' id='block_1_6' title="bbox 62 2856 1127 2941">
    <p class='ocr_par' dir='ltr' id='par_1_10' title="bbox 62 2856 1127 2941">
     <span class='ocr_line' id='line_1_30' title="bbox 62 2856 1127 2941; baseline -0.009 -15"><span class='ocrx_word' id='word_1_224' title='bbox 62 2869 196 2941; x_wconf 83' lang='lat' dir='ltr'><strong>mortem</strong></span> <span class='ocrx_word' id='word_1_225' title='bbox 213 2859 271 2939; x_wconf 90' lang='lat' dir='ltr'><strong>pati</strong></span> <span class='ocrx_word' id='word_1_226' title='bbox 287 2860 479 2939; x_wconf 84' lang='lat' dir='ltr'><strong>potiusquam</strong></span> <span class='ocrx_word' id='word_1_227' title='bbox 491 2857 618 2937; x_wconf 88' lang='lat' dir='ltr'><strong>stuprari</strong></span> <span class='ocrx_word' id='word_1_228' title='bbox 630 2876 639 2930; x_wconf 80' lang='lat'>3</span> <span class='ocrx_word' id='word_1_229' title='bbox 652 2857 715 2931; x_wconf 90' lang='lat' dir='ltr'><strong>sed,</strong></span> <span class='ocrx_word' id='word_1_230' title='bbox 728 2858 814 2936; x_wconf 75' lang='lat' dir='ltr'><strong>Juxta</strong></span> <span class='ocrx_word' id='word_1_231' title='bbox 826 2856 950 2919; x_wconf 89' lang='lat' dir='ltr'><strong>eosdem</strong></span> <span class='ocrx_word' id='word_1_232' title='bbox 964 2876 1038 2938; x_wconf 91' lang='lat' dir='ltr'><strong>pos·</strong></span> <span class='ocrx_word' id='word_1_233' title='bbox 1125 2864 1127 2867; x_wconf 82' lang='grc'><strong>’</strong></span> 
     </span>
    </p>
   </div>
   <div class='ocr_carea' id='block_1_7' title="bbox 62 2945 1071 3471">
    <p class='ocr_par' dir='ltr' id='par_1_11' title="bbox 62 2945 1071 3471">
     <span class='ocr_line' id='line_1_31' title="bbox 62 2945 1038 3026; baseline -0.002 -17"><span class='ocrx_word' id='word_1_234' title='bbox 62 2957 107 3025; x_wconf 76' lang='lat' dir='ltr'><strong>pet</strong></span> <span class='ocrx_word' id='word_1_235' title='bbox 158 2945 462 3019; x_wconf 79' lang='lat' dir='ltr'><strong>rmissivesehahere,</strong></span> <span class='ocrx_word' id='word_1_236' title='bbox 476 2945 567 3006; x_wconf 89' lang='lat' dir='ltr'><strong>modo</strong></span> <span class='ocrx_word' id='word_1_237' title='bbox 580 2946 733 3007; x_wconf 82' lang='lat' dir='ltr'><strong>voluntate</strong></span> <span class='ocrx_word' id='word_1_238' title='bbox 749 2946 874 3026; x_wconf 89' lang='lat' dir='ltr'><strong>positiva</strong></span> <span class='ocrx_word' id='word_1_239' title='bbox 884 2945 1001 3007; x_wconf 85' lang='lat' dir='ltr'><strong>resistat</strong></span> <span class='ocrx_word' id='word_1_240' title='bbox 1010 2954 1038 3008; x_wconf 87' lang='lat' dir='ltr'><strong>et</strong></span> 
     </span>
     <span class='ocr_line' id='line_1_32' title="bbox 62 3032 1039 3119; baseline -0.004 -21"><span class='ocrx_word' id='word_1_241' title='bbox 62 3037 120 3119; x_wconf 85' lang='lat' dir='ltr'><strong>pbs</strong></span> <span class='ocrx_word' id='word_1_242' title='bbox 130 3045 142 3098; x_wconf 94' lang='lat' dir='ltr'><strong>t</strong></span> <span class='ocrx_word' id='word_1_243' title='bbox 153 3053 322 3099; x_wconf 85' lang='lat' dir='ltr'><strong>consensus</strong></span> <span class='ocrx_word' id='word_1_244' title='bbox 335 3033 507 3115; x_wconf 89' lang='lat' dir='ltr'><strong>periculum</strong></span> <span class='ocrx_word' id='word_1_245' title='bbox 526 3033 628 3114; x_wconf 65' lang='lat' dir='ltr'><strong>:quia</strong></span> <span class='ocrx_word' id='word_1_246' title='bbox 645 3033 796 3112; x_wconf 79' lang='lat' dir='ltr'><strong>inquiunt.</strong></span> <span class='ocrx_word' id='word_1_247' title='bbox 814 3032 972 3115; x_wconf 85' lang='lat' dir='ltr'><strong>permissio</strong></span> <span class='ocrx_word' id='word_1_248' title='bbox 987 3033 1039 3094; x_wconf 82' lang='lat' dir='ltr'><strong>ille</strong></span> 
     </span>
     <span class='ocr_line' id='line_1_33' title="bbox 62 3123 1071 3203; baseline -0.009 -10"><span class='ocrx_word' id='word_1_249' title='bbox 62 3132 111 3193; x_wconf 80' lang='lat' dir='ltr'><strong>est</strong></span> <span class='ocrx_word' id='word_1_250' title='bbox 125 3131 244 3188; x_wconf 86' lang='lat' dir='ltr'><strong>tantum</strong></span> <span class='ocrx_word' id='word_1_251' title='bbox 258 3123 430 3203; x_wconf 87' lang='lat' dir='ltr'><strong>cooperatio</strong></span> <span class='ocrx_word' id='word_1_252' title='bbox 451 3123 628 3198; x_wconf 88' lang='lat' dir='ltr'><strong>materialis,</strong></span> <span class='ocrx_word' id='word_1_253' title='bbox 652 3141 721 3203; x_wconf 83' lang='lat' dir='ltr'><strong>quaa</strong></span> <span class='ocrx_word' id='word_1_254' title='bbox 735 3124 806 3185; x_wconf 83' lang='lat' dir='ltr'><strong>sotis</strong></span> <span class='ocrx_word' id='word_1_255' title='bbox 819 3129 979 3185; x_wconf 84' lang='lat' dir='ltr'><strong>excusatur</strong></span> <span class='ocrx_word' id='word_1_256' title='bbox 1001 3124 1041 3185; x_wconf 90' lang='lat' dir='ltr'><strong>oh</strong></span> <span class='ocrx_word' id='word_1_257' title='bbox 1067 3185 1071 3196; x_wconf 74' lang='grc'><em>,</em></span> 
     </span>
     <span class='ocr_line' id='line_1_34' title="bbox 65 3205 1042 3294; baseline -0.003 -18"><span class='ocrx_word' id='word_1_258' title='bbox 65 3214 176 3285; x_wconf 84' lang='lat' dir='ltr'><strong>mortis</strong></span> <span class='ocrx_word' id='word_1_259' title='bbox 190 3213 370 3294; x_wconf 88' lang='lat' dir='ltr'><strong>periculum.</strong></span> <span class='ocrx_word' id='word_1_260' title='bbox 394 3205 532 3273; x_wconf 79' lang='lat' dir='ltr'><strong>Secunda</strong></span> <span class='ocrx_word' id='word_1_261' title='bbox 552 3211 709 3283; x_wconf 79' lang='lat' dir='ltr'><strong>sententia,</strong></span> <span class='ocrx_word' id='word_1_262' title='bbox 731 3230 824 3292; x_wconf 89' lang='lat' dir='ltr'><strong>qnam</strong></span> <span class='ocrx_word' id='word_1_263' title='bbox 844 3217 950 3273; x_wconf 91' lang='lat' dir='ltr'><strong>tenent</strong></span> <span class='ocrx_word' id='word_1_264' title='bbox 973 3212 1042 3273; x_wconf 89' lang='lat' dir='ltr'><strong>Sal-</strong></span> 
     </span>
     <span class='ocr_line' id='line_1_35' title="bbox 67 3299 1041 3381; baseline -0.003 -17"><span class='ocrx_word' id='word_1_265' title='bbox 67 3303 194 3375; x_wconf 79' lang='lat' dir='ltr'><strong>mantic.</strong></span> <span class='ocrx_word' id='word_1_266' title='bbox 212 3319 284 3363; x_wconf 88' lang='lat' dir='ltr'><strong>cum</strong></span> <span class='ocrx_word' id='word_1_267' title='bbox 296 3302 381 3381; x_wconf 84' lang='lat' dir='ltr'><strong>Lugo</strong></span> <span class='ocrx_word' id='word_1_268' title='bbox 402 3306 432 3362; x_wconf 91' lang='lat' dir='ltr'><strong>et</strong></span> <span class='ocrx_word' id='word_1_269' title='bbox 446 3300 524 3374; x_wconf 88' lang='lat' dir='ltr'><strong>eliis,</strong></span> <span class='ocrx_word' id='word_1_270' title='bbox 541 3299 629 3362; x_wconf 91' lang='lat' dir='ltr'><strong>docet</strong></span> <span class='ocrx_word' id='word_1_271' title='bbox 642 3299 700 3361; x_wconf 90' lang='lat' dir='ltr'><strong>hoc</strong></span> <span class='ocrx_word' id='word_1_272' title='bbox 712 3316 778 3361; x_wconf 89' lang='lat' dir='ltr'><strong>esse</strong></span> <span class='ocrx_word' id='word_1_273' title='bbox 800 3300 952 3374; x_wconf 89' lang='lat' dir='ltr'><strong>illicitum,</strong></span> <span class='ocrx_word' id='word_1_274' title='bbox 968 3300 1041 3379; x_wconf 86' lang='lat' dir='ltr'><strong>quia</strong></span> 
     </span>
     <span class='ocr_line' id='line_1_36' title="bbox 65 3386 1043 3471; baseline -0.003 -18"><span class='ocrx_word' id='word_1_275' title='bbox 65 3408 140 3463; x_wconf 86' lang='lat' dir='ltr'><strong>cunr</strong></span> <span class='ocrx_word' id='word_1_276' title='bbox 163 3396 265 3471; x_wconf 91' lang='lat' dir='ltr'><strong>posset</strong></span> <span class='ocrx_word' id='word_1_277' title='bbox 285 3388 401 3450; x_wconf 82' lang='lat' dir='ltr'><strong>semina</strong></span> <span class='ocrx_word' id='word_1_278' title='bbox 424 3388 566 3470; x_wconf 87' lang='lat' dir='ltr'><strong>copulam</strong></span> <span class='ocrx_word' id='word_1_279' title='bbox 590 3386 747 3470; x_wconf 88' lang='lat' dir='ltr'><strong>impedire,</strong></span> <span class='ocrx_word' id='word_1_280' title='bbox 764 3387 859 3469; x_wconf 88' lang='lat' dir='ltr'><strong>ipsius</strong></span> <span class='ocrx_word' id='word_1_281' title='bbox 882 3389 1043 3471; x_wconf 88' lang='lat' dir='ltr'><strong>permissio</strong></span> 
     </span>
    </p>
   </div>
   <div class='ocr_carea' id='block_1_8' title="bbox 102 3558 627 3718">
    <p class='ocr_par' dir='ltr' id='par_1_12' title="bbox 102 3558 627 3718">
     <span class='ocr_line' id='line_1_37' title="bbox 102 3558 415 3641; baseline -0.006 -10"><span class='ocrx_word' id='word_1_282' title='bbox 102 3583 125 3631; x_wconf 81' lang='lat' dir='ltr'><strong>i.</strong></span> <span class='ocrx_word' id='word_1_283' title='bbox 144 3579 340 3641; x_wconf 79' lang='lat' dir='ltr'><strong>au.a‚n0raa.</strong></span> <span class='ocrx_word' id='word_1_284' title='bbox 413 3558 415 3563; x_wconf 82' lang='grc'><strong>’</strong></span> 
     </span>
     <span class='ocr_line' id='line_1_38' title="bbox 104 3650 627 3718; baseline -0.004 -17"><span class='ocrx_word' id='word_1_285' title='bbox 104 3651 127 3701; x_wconf 80' lang='lat' dir='ltr'><strong>a.</strong></span> <span class='ocrx_word' id='word_1_286' title='bbox 145 3651 334 3714; x_wconf 67' lang='lat' dir='ltr'><strong>uertuntur..</strong></span> <span class='ocrx_word' id='word_1_287' title='bbox 346 3650 514 3718; x_wconf 71' lang='lat' dir='ltr'><strong>appeteret,</strong></span> <span class='ocrx_word' id='word_1_288' title='bbox 527 3656 577 3716; x_wconf 74' lang='lat' dir='ltr'><strong>pn.</strong></span> <span class='ocrx_word' id='word_1_289' title='bbox 593 3651 627 3699; x_wconf 83' lang='lat'><strong>1⁰.</strong></span> 
     </span>
    </p>
   </div>
   <div class='ocr_carea' id='block_1_9' title="bbox 0 0 1222 4138">
    <p class='ocr_par' dir='ltr' id='par_1_13' title="bbox 0 0 1222 4138">
     <span class='ocr_line' id='line_1_39' title="bbox 0 0 1222 4138; baseline 0 0"><span class='ocrx_word' id='word_1_290' title='bbox 0 0 1222 4138; x_wconf 95' lang='lat' dir='ltr'><strong> </strong></span> 
     </span>
    </p>
   </div>
  </div>
 </body>
</html>
