2378 4102
318 120 510 171 orsseararro
530 122 564 170 n.
588 120 681 172 carra
703 120 750 170 nr.
961 112 1018 173 165

37 256 143 309 tamen
150 249 238 327 juxta
248 249 280 308 S.
293 246 442 308 Thomam
455 249 578 307 tenetur
590 247 701 324 coniux
714 263 786 308 cum
802 245 921 326 leproso
932 247 1020 310 coha-

37 336 148 409 bitare,
171 338 243 417 quia
260 337 419 413 rnaJus'est
433 333 604 395 infectionis
626 335 799 415 periculum
814 353 849 396 ex
869 334 1019 416 frequenti

37 424 266 486 cohabitatione
280 441 373 503 quam
387 442 423 484 ex
437 422 544 502 coitu).
560 423 815 503 Excipieudumsi
832 422 1019 487 medicorum
1117 432 1127 453 ’

35 513 154 590 judicio
181 513 262 574 adsit
292 506 372 573 tunc
394 511 528 572 notabile
557 511 731 574 iniectionis
759 512 942 592 periculum,
967 521 1021 576 aut

38 601 229 680 impossibile
243 601 282 662 sit
291 599 413 682 conjugi
426 599 583 661 horrorem
598 619 741 681 superare
756 607 777 663 ¹.

79 692 264 758 Certumest
278 695 310 750 2⁰
321 690 484 768 conjugem
505 707 565 749 non
588 689 683 750 teneri
706 689 833 751 reddere
853 708 924 751 cum
939 691 1020 771 gravi

38 780 173 860 propriae
189 780 256 840 ritae
270 785 322 841 aut
336 778 471 838 sanitatis
496 777 641 858 periculo.
669 780 711 838 ita
736 780 940 850 communiter
955 786 1021 859 post

38 868 70 928 S.
101 870 254 930 Thomam
269 870 291 927 ¹.
315 869 381 928 Imo
396 885 452 927 nec
467 867 556 928 etiam
581 875 654 928 tunc
678 875 773 946 potest
787 866 924 940 reddero,
949 886 1020 928 cum

39 976 135 1017 nemo
153 958 191 1017 sit
212 956 357 1017 dominus
375 957 442 1017 vitae
457 973 532 1016 suae.
547 957 609 1016 Nec
628 956 721 1015 etiarn
741 955 855 1016 ticitum
881 962 926 1016 est
951 956 1019 1017 red·

38 1045 115 1107 dere
127 1046 152 1106 si
166 1064 256 1125 grave
270 1044 417 1105 darnnum
429 1044 541 1123 petenti
555 1042 741 1118 immineret,
752 1042 808 1104 nisi
820 1043 975 1104 timeretur
983 1046 1021 1105 ab

40 1133 138 1195 attero
153 1134 328 1214 proximum
343 1132 503 1194 occisionis
514 1133 695 1211 periculum.

83 1221 282 1303 Probabiiitcr
297 1229 398 1281 tamon
415 1220 494 1282 licite
517 1220 641 1281 reddere
656 1224 753 1300 potest
772 1224 801 1280 10
815 1219 839 1280 si
855 1220 893 1280 ad
904 1219 1021 1284 bonum

41 1328 210 1373 commune
224 1310 323 1389 proies
337 1310 375 1370 sit
391 1309 557 1370 necessario
568 1331 576 1385 3
586 1315 619 1370 2⁰
643 1313 667 1370 si
682 1309 713 1370 in
728 1308 875 1390 probabili
893 1308 1021 1371 inconti-

42 1400 156 1461 nentiae
184 1398 320 1479 periculo
334 1399 444 1476 conjux
471 1397 599 1459 iniectus
613 1397 754 1459 existeret
768 1417 775 1457 :
791 1396 901 1460 adhoc
919 1406 1021 1461 tamen

41 1506 137 1549 sanus
155 1506 218 1553 uon
233 1492 405 1560 teneretur,
421 1485 510 1548 sediti
525 1491 644 1547 tantum
658 1486 714 1566 ipsi
731 1487 833 1548 liceret
847 1507 854 1547 :
868 1489 952 1569 quia,
968 1489 1021 1550 etsi

42 1576 138 1638 homo
161 1594 222 1637 non
248 1576 284 1636 sit
307 1574 452 1636 dominns
477 1574 638 1648 vinosum,
659 1580 879 1655 potesttamen
901 1583 1023 1658 propter

42 1666 221 1727 charitatem
255 1665 339 1725 itiam
369 1681 543 1742 exponero;
573 1667 605 1724 3⁰
629 1664 653 1724 si
679 1663 818 1725 redderet
843 1665 881 1726 ad
904 1665 1024 1727 vitanda

44 1772 157 1834 magna
171 1752 307 1828 dissidia,
321 1751 366 1812 vei
381 1752 418 1812 ad
432 1752 624 1831 conjugatem
636 1769 771 1813 amorem
783 1752 957 1826 fovendum,
973 1760 1024 1814 aut

44 1842 197 1903 vitandam
218 1842 372 1923 propriam
398 1840 669 1901 incontinentiam:
695 1851 757 1921 qno
780 1842 810 1902 in
834 1859 906 1904 casu
921 1851 1022 1923 posset

45 1931 138 1992 etiam
163 1939 275 2011 petere.
292 1964 330 1975 —
345 1931 416 1990 Haec
439 1936 541 1989 tamen
561 1933 632 1989 sunt
647 1928 841 2009 intelligenda
854 1930 878 1990 si
898 1931 1023 1993 morbus

45 2019 84 2079 sit
97 2020 262 2081 diuturnus
275 2024 305 2078 ot
318 2020 402 2099 quasi
413 2017 583 2083 habitualis,
598 2018 732 2099 uttepro,
749 2018 873 2080 morbus
885 2020 1023 2098 gallicus,

45 2114 103 2169 etc.
112 2129 121 2182 3
135 2114 165 2170 et
178 2107 216 2167 de
227 2108 288 2169 iliis
304 2125 365 2167 non
382 2107 419 2167 sit
433 2106 484 2186 qui
500 2113 629 2166 mortem
641 2105 680 2166 rie
694 2106 774 2166 brevi
792 2113 822 2167 et
834 2107 912 2168 faciti
927 2109 1025 2168 soient

46 2195 169 2271 inferre,
185 2203 218 2256 ut
233 2195 334 2276 pestis,
351 2194 434 2274 lepra
444 2193 586 2266 leonina;
600 2198 632 2253 4⁰
647 2193 672 2254 si
686 2193 798 2273 coniux
812 2212 904 2256 sanus
916 2197 1025 2256 mediis

46 2285 265 2364 praeservativis
283 2284 378 2364 possit
391 2283 484 2387 unare
498 2281 690 2362 contagionis
702 2282 883 2363 periculum.

85 2377 149 2435 Nec
161 2374 226 2454 ipse
241 2366 371 2433 iniectus
394 2378 492 2452 potest
514 2370 647 2450 legitime
662 2370 786 2434 reddere
802 2389 873 2434 cum
888 2371 1024 2452 periculo

47 2462 151 2524 saiutis
175 2461 299 2522 alterius
323 2461 391 2522 iicet
415 2460 471 2521 iste
500 2475 561 2520 uon
588 2459 717 2541 ignoret.
752 2460 925 2541 [incipiendi
954 2467 1025 2522 sunt

47 2557 147 2612 tomen
160 2568 249 2612 casus
263 2549 353 2610 modo
368 2548 526 2609 memorati
539 2544 563 2608 ².

85 2659 155 2719 295.
180 2658 247 2716 Non
258 2661 441 2716 excusatura
454 2652 555 2714 debito
564 2653 720 2715 reddendo
732 2673 809 2716 uxor
820 2656 860 2716 ob
874 2654 1025 2719 ordinaria

48 2742 244 2823 granditatis,
275 2747 389 2823 partus,
409 2748 462 2804 aut
486 2743 658 2804 nutritionis
684 2742 890 2820 incommoda,
918 2745 1025 2807 necob

47 2832 166 2894 dotores
181 2831 363 2904 moderatos,
380 2830 433 2891 etsi
448 2830 620 2907 diuturnos,
636 2851 663 2892 v.
680 2851 710 2912 g.
737 2834 843 2913 capitis
858 2834 1025 2913 perplures

48 2939 169 2982 mensas
183 2926 250 3001 post
264 2926 395 3000 partum,
409 2937 465 2980 nec
479 2918 518 2979 ob
531 2920 690 2981 sanitatem
705 2921 919 3003 aliquantisper
935 2922 1023 2983 debi-

50 3010 163 3072 litatam
178 3030 188 3085 3
205 3010 267 3068 imo
297 3027 352 3070 nec
380 3008 420 3069 ob
446 3009 565 3070 dolores
595 3028 702 3089 graves
729 3009 853 3090 quidem
883 3011 935 3072 sed
963 3031 1024 3075 non

49 3099 209 3162 diuturnos
233 3097 330 3178 :quia
364 3095 429 3159 baec
466 3096 631 3159 conditioni
672 3099 856 3161 matrimonii
890 3102 1025 3162 suntad-

52 3189 164 3250 oexai.
970 3195 975 3202 '

80 3411 103 3460 1.
122 3408 148 3459 S.
161 3409 274 3473 bigam„
287 3406 330 3457 lib.
347 3407 370 3468 6,
385 3416 412 3455 n⁰
423 3407 478 3458 950.

80 3481 103 3530 Ξ.
121 3481 192 3545 Apud
205 3479 232 3529 S.
247 3478 360 3544 biguor„
374 3477 443 3534 ibic..
456 3491 486 3529 n⁰
497 3479 552 3530 953.

80 3553 104 3601 3.
123 3551 149 3601 S.
162 3550 274 3615 biguor..
287 3549 348 3599 totu.

80 3626 102 3675 t.
122 3623 149 3673 Ρ.
163 3623 237 3687 Gury,
250 3620 393 3685 Comperit„
407 3626 424 3670 t.
438 3619 461 3682 ἐ,
476 3624 504 3670 o⁰
513 3617 569 3682 916}
584 3625 619 3670 5⁰.
