2362 4094
203 225 241 282 92
527 235 565 280 un
586 236 679 282 nuans
700 236 854 282 vauaaurs.

206 374 222 411 a
244 357 326 428 nota,
342 353 381 435 ab
395 370 457 415 uno
471 352 558 433 plura
572 353 610 414 ab
632 353 729 415 altero
742 354 882 434 pauciora
897 353 1065 434 quaerendo
1076 373 1084 414 ε
1097 370 1155 431 ap

152 445 155 451 '
207 463 222 498 u
237 446 345 502 'utrum
360 441 487 502 honesto
502 441 562 503 situ
575 441 698 516 cubent,
725 450 822 504 restes
837 442 972 505 modeste
984 442 1110 504 induant
1125 436 1157 500 rd

206 552 222 587 (ι
241 536 365 603 exuant,
380 535 484 590 utrum
499 529 614 610 seipsos
625 530 724 592 nudos
733 532 880 612 aspiciant
892 536 1064 610 tangantre,
1077 535 1156 590 utrm

207 639 222 674 a
241 616 280 678 ab
294 617 359 678 aliis
384 617 477 697 aspici
501 635 533 678 se
547 624 578 678 et
597 618 677 698 tangi
703 620 782 699 passi
798 620 870 693 sint,
892 626 994 682 utrum
1019 619 1049 679 in
1071 615 1157 679 emen

206 729 221 762 o
243 705 405 767 lectorum
419 705 522 780 tratre,
546 724 649 768 sorore
677 707 770 769 aliave
794 725 925 789 persona
949 715 1092 768 extranea
1108 704 1157 765 dor·

205 818 221 854 ι(
242 795 348 870 miant,
362 802 464 857 utrum
478 794 552 857 alios
562 794 691 880 viderint
704 796 804 875 turpia
813 803 1000 869 exercentes,
1017 802 1118 856 utrum
1133 809 1157 852 er

206 904 221 940 a
241 889 322 945 tactu
349 882 472 963 proprio
483 882 528 944 vel
544 883 644 944 alieno
659 890 760 946 motus
773 884 949 946 inhonestos
963 890 993 944 et
1007 880 1158 944 delectatio

206 994 221 1030 a
244 989 313 1032 nem
328 990 470 1052 magnam
484 973 599 1051 experti
612 972 690 1049 sint;
708 979 809 1034 utrum
827 979 923 1034 tactus
935 972 1050 1051 saepius
1060 964 1158 1051 repetiti

205 1084 221 1119 «
241 1068 270 1122 et
284 1059 420 1122 diuturni
446 1059 569 1135 luerint,
593 1066 696 1122 utrum
713 1065 853 1141 percepta
876 1060 1008 1121 maxima
1026 1058 1158 1137 voluptate

205 1173 221 1208 o
242 1157 370 1211 motusa
384 1148 489 1229 seipsis
516 1149 698 1210 cessaverint
724 1156 753 1210 et
768 1149 889 1229 ipsimet
908 1147 1090 1229 quieverint,
1116 1148 1156 1205 etr.

205 1262 221 1297 a
242 1237 315 1318 (hoc
329 1239 417 1318 signo
441 1237 579 1316 dignosci
594 1237 704 1318 poterit
718 1237 845 1317 pollutio
857 1236 938 1316 apud
967 1235 1097 1316 puellas,
1109 1227 1155 1308 sodl

206 1349 221 1385 a
241 1345 259 1388 a
274 1326 415 1388 masculis
430 1326 481 1406 qui
504 1326 645 1388 ridentur
659 1326 740 1387 circa
754 1324 959 1407 praecedentia
972 1324 1017 1385 rei
1030 1331 1060 1385 et
1077 1319 1157 1403 pollu-

207 1437 222 1474 e
243 1415 333 1476 tionis
346 1432 482 1495 capaces,
499 1415 594 1493 quari
611 1420 708 1494 potest
719 1413 871 1495 (insuper)
887 1418 996 1475 utrum
1010 1407 1119 1491 aliquid
1128 1407 1157 1467 ir

160 1501 161 1504 ’
206 1525 223 1561 a
242 1504 319 1564 soliti
335 1503 406 1582 ipsis
418 1503 587 1583 contigerit,
603 1509 707 1564 utrum
718 1501 877 1563 madefacti
890 1500 1020 1578 luerint,
1035 1507 1093 1562 etc.
1106 1498 1157 1557 uae

206 1591 344 1652 comnia
370 1596 467 1664 caute,
497 1590 672 1670 prudenter,
700 1590 827 1660 timide,
857 1588 1044 1669 pedetentim
1066 1585 1158 1668 quenl

207 1702 222 1738 u
242 1678 463 1750 confessarium
478 1697 535 1740 neo
548 1679 731 1759 poenitentes
743 1696 852 1740 omnes
865 1695 934 1739 reos
941 1695 1009 1739 esse
1018 1675 1157 1739 existimet

207 1785 301 1850 «nec
323 1785 378 1847 pro
403 1766 542 1847 turpibus
570 1766 680 1829 habeat
693 1786 763 1847 quae
791 1774 860 1828 sunt
882 1771 990 1827 contra
1009 1760 1158 1828 decentiam

207 1878 223 1914 a
243 1861 361 1917 tanturn
368 1875 377 1930 3
395 1873 451 1917 nec
464 1854 565 1916 credat
579 1873 688 1916 omnes
703 1855 837 1928 mentiri,
850 1872 909 1915 nec
921 1852 1038 1915 timidae
1052 1846 1159 1914 etimne

207 1966 222 2002 u
242 1941 322 2005 cillae
331 1942 1045 2023 aetatisscrupulosconlundatcumprotervioris
1066 1935 1159 2002 anolo

207 2054 224 2091 o
243 2030 350 2093 centiae
377 2031 505 2107 delictis,
533 2037 591 2093 eto.
609 2054 624 2089 u
652 2030 783 2093 Proinde
810 2031 835 2092 si
857 2048 890 2091 se
915 2038 1062 2092 accusent
1084 2025 1160 2106 egistt

204 2127 308 2184 contra
324 2120 512 2192 modestiam,
529 2119 772 2193 vetamentum,
803 2119 841 2181 ab
856 2118 891 2180 iis
905 2117 1032 2180 ulterius
1052 2113 1160 2196 inquirat

190 2210 278 2291 vquid
293 2209 418 2290 praecise
431 2208 549 2288 egerint
556 2206 642 2287 -quod
655 2213 797 2288 reputant
812 2205 1028 2269 immodestum
1039 2205 1085 2268 vel
1099 2198 1160 2264 inde·

207 2318 290 2360 cens.

246 2386 359 2448 Eadem
373 2384 483 2466 agendi
497 2385 573 2446 ratio
586 2383 682 2445 teneri
697 2390 793 2465 potest
807 2389 837 2446 et
849 2382 940 2445 debet
949 2401 1021 2462 erge
1039 2381 1158 2464 ponera.

205 2475 328 2556 quando
352 2475 436 2536 locus
458 2479 503 2535 est
516 2472 688 2553 suspicandi
702 2471 783 2552 quod
810 2470 922 2534 malum
946 2470 1078 2533 feliciter
1091 2469 1158 2550 igno

206 2572 273 2626 rent
300 2583 308 2624 :
333 2561 470 2624 nonnulli
496 2560 579 2622 enim
602 2565 685 2635 sunt,
709 2561 771 2622 sive
794 2577 909 2632 mares,
932 2559 994 2621 sive
1013 2553 1158 2641 praesertim

206 2651 328 2731 puellae,
344 2650 396 2729 qui
411 2648 467 2710 sub
490 2648 625 2728 vigilanti
654 2655 812 2727 parentum
828 2646 975 2721 custodia,
1000 2646 1039 2708 ad
1067 2655 1159 2709 annunt

205 2744 255 2814 20,
270 2746 300 2799 et
313 2738 498 2820 quandoque
525 2737 615 2811 ultra,
631 2737 669 2797 ab
690 2737 746 2798 hac
766 2735 955 2817 turpitudine
969 2735 1122 2799 immunes
1140 2742 1160 2786 st

205 2828 424 2901 custodierunt,
445 2845 501 2888 nec
522 2824 561 2886 de
576 2844 612 2887 ea
625 2824 740 2906 aliquid
759 2824 931 2897 audierunt,
947 2825 1088 2904 quamvis
1102 2834 1159 2882 not·

207 2915 299 2979 nullis
312 2915 441 2978 luxuria
454 2913 639 2996 imperfectae
653 2913 784 2994 pereatis
805 2931 837 2974 se
858 2909 1138 2975 commaculaverint
1148 2905 1160 2958 '-

247 3018 315 3076 169.
339 3018 371 3075 2⁰
396 3010 543 3089 Quomodo
563 3010 759 3092 confessarius
783 3029 813 3071 se
835 3028 936 3089 perere
957 3008 1061 3070 debeat
1086 2994 1161 3090 qual

205 3101 418 3166 absolutionem
432 3100 471 3161 iis
483 3099 710 3181 impertiendam
723 3098 777 3180 qui
786 3106 906 3179 perroto
914 3097 1098 3179 pollutionis
1116 3092 1161 3153 snt

205 3191 338 3253 assueti?

250 3302 265 3339 u
285 3277 540 3360 Distinguendum
561 3282 617 3353 est,
633 3273 731 3355 inquit
744 3276 775 3336 S.
793 3273 940 3356 Lignor.¹,
957 3274 1038 3337 inter
1050 3285 1160 3339 consuo

111 3390 113 3393 ·
209 3392 225 3429 a
246 3367 432 3431 tudinarium
447 3373 476 3429 et
491 3366 673 3428 recidivum:
687 3362 1010 3439 consuetudinarias„
1024 3362 1160 3445 quilnmt·

238 3580 261 3629 l.
279 3580 305 3630 ll.
319 3580 347 3630 l).
359 3579 575 3638 Roussclot,ilid,
589 3593 613 3644 p.
623 3577 654 3627 li
665 3584 690 3629 et
702 3578 749 3639 t3;
761 3576 889 3630 llirolrdu
899 3575 988 3639 cleroi,
1007 3579 1026 3628 t.
1038 3576 1064 3638 2,
1083 3590 1104 3643 p.
1121 3564 1158 3619 ut

208 3648 763 3782 όάἑῑ.1ι8ἰῖῗέἒλζῦὶἰὲὁ.θοῖινὶετ,ἰηΜαίη,
776 3645 964 3713 ἀιΡοΙΜίοηι.
1024 3700 1027 3706 ,
1079 3704 1084 3709 ‚
