2384 4138
180 268 219 328 50
504 284 541 328 ua
564 283 655 328 annus
675 283 827 328 vrnunms.

180 397 369 476 possessione
380 397 587 478 legitimitate,
599 397 648 459 cui
669 399 843 460 renuntiare
861 416 921 458 non
938 407 985 458 cst
997 399 1158 458 obstrictus

181 484 237 545 nisi
251 484 447 546 convincatur
459 503 525 546 esse
540 484 731 566 illegitinrus3
749 506 839 568 porro
854 505 946 548 nemo
957 493 1082 548 tenetur
1095 503 1156 547 cre·

180 574 251 634 dere
273 573 326 634 uni
339 573 417 647 testi,
432 574 487 635 etsi
504 573 728 659 probatissimo,
744 582 778 637 ut
789 581 906 639 constat
920 593 987 655 cap.
1007 575 1157 645 Relatum,

165 660 215 722 'de
233 661 355 722 Testem.
373 668 403 722 et
416 681 482 741 cap.
504 663 583 724 Licet
595 661 631 724 tle
650 665 778 725 testibus.
802 665 914 744 Excipe
934 668 1038 724 tamen
1055 680 1157 731 casum

180 767 242 829 quo
268 754 364 810 mater
388 750 468 811 clare
492 751 658 813 ostenderit
680 752 890 832 impotentiam
919 751 968 829 vel
989 751 1158 812 absentiam

181 838 429 917 marititmnpore
442 839 659 918 procreationis
676 843 696 903 ¹.
1097 838 1102 847 ’

223 929 290 988 102.
315 926 373 988 Sed
392 927 465 1007 quid
486 927 524 988 de
545 946 617 989 casu
633 929 787 1010 sequenti,
810 928 862 1009 qni
884 933 1010 1011 uocatur
1031 928 1159 1007 Auente

181 1015 287 1088 nensis,
308 1033 344 1076 eo
360 1014 442 1095 quod
462 1015 617 1078 Avenione
632 1015 817 1097 contigerit‘l
833 1050 870 1063 -
889 1015 1036 1088 Quaedam
1052 1016 1159 1077 mulier

182 1103 212 1164 in
230 1104 355 1165 articulo
367 1104 470 1165 uronis
483 1104 657 1177 constituta,
673 1103 741 1165 tiliis
756 1105 818 1166 suis
833 1105 1037 1185 congregatis,
1051 1122 1109 1166 eos
1121 1106 1159 1164 sic

182 1192 312 1254 allocuta
337 1199 380 1254 est
409 1191 523 1264 :Unus
541 1213 579 1254 ea
602 1193 680 1257 uobis
699 1201 740 1254 est
763 1192 955 1274 illegitimus,
977 1191 1073 1253 vultis
1099 1212 1158 1252 eum

182 1281 261 1342 uotis
276 1282 446 1357 nominari,
474 1282 517 1343 uel
540 1282 759 1346 innominatum
782 1281 984 1343 nereditatem
1002 1301 1069 1342 cunt
1092 1280 1158 1342 otiis

181 1370 318 1450 partiri?

223 1462 311 1540 Resp.
328 1458 545 1521 consulendam
569 1459 649 1522 haud
669 1479 735 1539 esse
753 1459 831 1522 hanc
853 1459 962 1541 agendi
977 1461 1130 1523 rationem
1151 1477 1156 1515 2

182 1546 236 1607 etsi
256 1547 337 1607 enim
361 1546 414 1607 filii
436 1549 619 1610 assenserint
640 1555 785 1611 maternae
803 1548 979 1629 partitioni,
1006 1566 1071 1609 non
1096 1547 1158 1608 ideo

184 1634 283 1713 proles
307 1633 478 1697 adulterina
504 1636 631 1716 acquirit
654 1637 703 1717 jus
727 1636 932 1699 haereditatem
961 1636 1005 1697 sie
1030 1636 1157 1698 delatam

184 1722 315 1803 legitime
334 1723 533 1804 occupandi:
551 1725 646 1786 libera
659 1725 742 1786 enirn
755 1745 817 1787 non
843 1734 886 1787 est
907 1723 1097 1786 condonatio
1115 1723 1158 1785 tali

183 1809 274 1873 modo
287 1812 396 1873 lactaa
419 1812 492 1873 filiis
508 1812 661 1893 legitimis,
678 1814 730 1892 qui
748 1832 809 1874 non
829 1813 1024 1875 consentiunt
1051 1812 1112 1873 nisi
1125 1811 1158 1883 ob

182 1899 321 1961 timorem
331 1919 370 1962 ne
385 1899 591 1963 invenirentur
604 1901 678 1963 forte
688 1902 744 1981 ipsi
759 1902 918 1983 illegitimi,
935 1907 964 1962 et
976 1901 1021 1962 sic
1033 1901 1159 1962 omnino

183 1987 221 2048 ab
230 1987 394 2050 hereditate
408 1989 658 2052 excluderentur.
676 1993 805 2071 insuper
824 1991 890 2052 talis
911 1989 1079 2065 declaratio
1098 2007 1158 2051 sus·

183 2074 303 2155 picione
331 2077 548 2157 illegitimitatis
575 2077 653 2139 tilios
684 2079 775 2139 etiam
813 2078 966 2159 legitimos
993 2076 1157 2159 respergit3

185 2165 315 2245 proinde
325 2185 361 2226 ex
372 2165 430 2230 hae
444 2166 534 2228 etiam
549 2174 634 2248 parto
647 2173 691 2229 est
705 2165 827 2247 injusta.

564 2349 589 2400 V.
601 2348 676 2400 —De
687 2349 795 2424 incestu.

226 2498 293 2557 103.
309 2485 443 2555 Incestus
452 2492 809 2555 definiturcommnniter
820 2512 826 2550 :
838 2489 1010 2569 Conpressas
1020 2488 1156 2559 itttce‘tas,

186 2591 235 2644 aut
255 2585 339 2662 juxta
362 2582 509 2662 quosdam
527 2585 705 2645 :Peccatum
730 2579 942 2642 lucaniacum
964 2595 1097 2656 persono
1117 2596 1156 2638 cn-

184 2680 274 2749 pnoto
300 2671 343 2732 uel
362 2673 449 2750 affine
474 2672 558 2732 intro
579 2670 688 2751 prodas
706 2668 884 2751 prohibitos.
913 2668 956 2725 Eo
971 2666 1099 2745 gravius
1122 2669 1159 2726 est

187 2765 343 2839 peccatum
364 2776 426 2839 quo
441 2759 617 2840 gradusest
641 2757 858 2839 propinquior,
874 2762 904 2816 et
926 2754 1023 2815 multo
1042 2755 1158 2834 gravius

186 2847 264 2909 inter
285 2849 529 2928 consanguineos
542 2865 635 2928 quarn
650 2848 729 2909 inter
746 2845 851 2907 affines
874 2841 1011 2921 ejusdem
1028 2844 1157 2922 gradum

187 2935 322 3017 itemque
336 2938 456 3016 gravius
471 2937 549 2998 inter
560 2935 664 2998 affines
677 2950 770 3017 quarn
785 2950 856 2996 com
869 2936 999 3011 cognato
1014 2927 1160 3011 spirituali

186 3025 231 3086 vei
246 3024 346 3105 legali.
361 3025 518 3087 -Videre
532 3031 576 3088 est
589 3027 620 3086 in
631 3024 810 3086 vtractatibus
823 3023 860 3083 de
872 3019 1068 3081 matrimonio
1081 3021 1160 3082 ¹intra

186 3132 337 3196 quosnam
352 3114 462 3195 gradus
476 3115 537 3176 sive
549 3113 830 3194 consanguinitatis,
847 3109 907 3171 sive
920 3107 1088 3183 affinitatis,
1106 3109 1160 3170 sire

187 3203 376 3283 cognationis
394 3203 559 3285 spiritualis
573 3202 617 3264 vel
632 3202 735 3282 legalis
756 3197 984 3263 matrimonium
1000 3196 1037 3257 sit
1060 3196 1159 3278 prohi-

190 3291 298 3352 bitum.

228 3393 295 3451 101.
320 3392 504 3471 Supponunt
522 3390 641 3451 Biiluart
653 3393 664 3425 1
676 3396 704 3449 et
719 3388 805 3449 Card.
821 3388 948 3447 Gousset
964 3388 975 3421 ³
988 3383 1159 3446 affinitatem

220 3624 242 3672 1.
262 3626 288 3676 S.
303 3626 413 3690 Lignum,
428 3626 472 3675 lib.
485 3626 509 3685 3,
522 3636 549 3674 u⁰
561 3626 615 3673 651.

221 3695 235 3729 ’1
263 3696 329 3745 Loro
343 3712 415 3760 supra
430 3696 513 3755 citato,
526 3701 571 3745 art.
586 3696 608 3753 6,
624 3695 767 3745 duloreste.

221 3768 243 3815 u.
266 3766 348 3817 th'ol.
360 3767 463 3824 morale,
477 3776 503 3814 n⁰
515 3766 568 3815 056.
