2362 4094
178 212 233 283 itt
498 240 535 289 nrt
557 233 649 292 nanus
670 232 823 292 vehentis.

176 354 237 414 sint
257 355 426 435 periculosa
441 364 471 420 et
491 378 581 421 causa
600 361 744 442 frequens
760 361 938 441 perditionis
953 362 1144 435 animarum}

175 442 227 502 sed
247 442 278 503 hi
292 451 430 507 auctores
445 447 536 508 modo
547 451 679 511 oratorio
701 459 773 511 sunt
788 450 892 521 locuti,
910 468 966 510 nos
990 459 1090 512 antem
1118 450 1144 510 in

177 532 315 608 praesenti
341 534 508 615 theologice
533 538 609 597 etin
633 538 731 618 rigore
756 539 957 618 quaestionem
981 539 1145 618 expendere

168 617 349 695 debuimus,
365 631 515 703 quatenus
529 625 703 686 confessarii
717 635 813 688 certas
827 625 1088 705 habeantreguias
1098 645 1145 705 pro

131 717 135 721 ·
175 713 258 767 recto
273 709 444 773 animarum
460 710 618 792 regimine.
638 714 801 789 [tabuimus
825 732 899 791 ergo
913 721 1017 775 exacte
1031 714 1144 794 specifi-

165 811 244 868 care
258 797 453 876 quandonam
468 801 638 880 spectacula
653 806 837 881 graviteraut
855 802 956 861 ieviter
966 800 1141 871 sintiilieita

174 884 372 962 quandonam
386 887 511 949 econtra
525 907 541 950 a
557 895 680 968 peccato
696 889 845 950 immunia
861 889 930 949 sint.

170 1002 173 1010 ’
203 984 282 1065 ὮΟ.
307 983 429 1053 Quaerit.
447 985 524 1056 Quid
538 986 576 1046 sit
585 986 825 1049 sentiendumde
844 987 993 1049 comoedis
1006 995 1036 1049 et
1050 984 1142 1076 histri·

173 1068 296 1145 ouibus,
312 1076 556 1155 etannunquam
573 1076 688 1155 possint
698 1074 810 1137 absolvi
821 1074 954 1137 nisisuae
971 1074 1140 1157 professioni

173 1159 368 1221 renuntient?

193 1257 196 1271 ¹
213 1248 302 1328 Resp.
318 1250 356 1312 Ut
367 1242 430 1327 jam
445 1249 577 1311 diximus
597 1252 693 1332 (aaa),
710 1259 795 1316 certe
809 1271 869 1313 non
888 1256 960 1312 sunt
974 1250 1139 1313 absoluendi

172 1335 302 1397 contoedi
317 1342 346 1397 et
360 1336 531 1412 histriones,
540 1340 595 1399 nisi
608 1340 692 1420 prius
707 1340 880 1401 terruntient
894 1339 1035 1420 turpibus
1043 1357 1141 1420 reprae-

173 1423 412 1485 sentationihus:
437 1426 489 1487 sed
502 1445 573 1488 eum
590 1428 763 1508 spectacula
779 1440 839 1490 no‘n
855 1427 963 1488 sintde
978 1445 1011 1488 se
1023 1427 1140 1488 omnino

173 1508 286 1580 illicita,
304 1529 359 1573 nec
371 1514 464 1574 etiam
478 1517 605 1594 officium
621 1516 810 1587 histrionum,
834 1515 932 1594 inquit
945 1517 978 1575 S.
1003 1515 1139 1586 Thomas,

171 1605 213 1657 cst
225 1597 261 1659 de
274 1618 303 1659 se
316 1600 471 1676 illicitum,
489 1622 545 1664 nee
560 1602 631 1664 itiud
647 1612 822 1666 exercentes
835 1611 904 1664 sont
926 1604 960 1663 ite
981 1611 1060 1664 statu
1077 1621 1139 1684 pca-

171 1687 244 1759 cuti,
260 1686 410 1750 dummodo
433 1690 582 1752 ruodrrate
597 1691 666 1752 ludo
688 1694 825 1764 utuntur,
847 1691 946 1765 idest,
969 1688 1140 1751 non'uteudo

170 1772 322 1853 air'qut'bus
334 1777 468 1851 illicitis,
483 1779 579 1841 verbis
590 1781 636 1841 erl
647 1780 748 1859 sertia,
762 1780 803 1841 ed
816 1779 929 1854 tadum,
945 1788 975 1840 et
987 1798 1043 1839 non
1060 1777 1140 1839 adlei-

171 1859 261 1921 bendo
275 1862 377 1928 ludum
403 1868 571 1947 nepotiiset
597 1868 777 1949 tenporibus
788 1867 930 1929 'indebitis
943 1870 964 1927 ¹.
989 1867 1056 1929 Non
1078 1871 1140 1928 sunt

169 1966 244 2028 ergo
271 1968 392 2033 temper
419 1954 579 2018 histriones
603 1957 718 2036 absque
743 1955 934 2018 absolutione
955 1952 1154 2016 dimicandu»

170 2037 253 2098 unde
267 2038 416 2103 immerito
430 2043 571 2123 Lequeux
585 2046 596 2078 ¹
621 2043 885 2106 indiscriminatim
901 2043 1079 2124 pronuntiat
1091 2058 1137 2103 eos

170 2123 274 2203 quiex
289 2128 424 2207 professo
439 2134 533 2211 agunt
544 2132 578 2192 -in
592 2130 728 2210 theatris,
751 2131 927 2206 histriones,
946 2125 1136 2210 jodaiatoms

169 2218 241 2280 etc,
260 2214 297 2287 ad
310 2226 569 2281 sacramentorum
590 2212 849 2301 participationem
872 2238 933 2281 nen
954 2217 1138 2281 esseadmit-

169 2301 291 2365 tendes.
1016 2316 1019 2324 '

166 2430 171 2435 -
210 2392 254 2472 ite
272 2390 397 2473 quidem
419 2413 500 2465 vcra,
518 2395 599 2477 apud
617 2414 672 2458 nos
686 2398 717 2458 in
731 2397 825 2460 Gallia
838 2396 909 2457 oiim
923 2395 1054 2457 comoedi
1065 2394 1137 2457 vetut

168 2481 422 2543 excommunicati
435 2484 603 2563 generatim
617 2485 806 2547 habebantur
825 2485 865 2545 nh
889 2483 1016 2545 Concitii
1041 2483 1136 2544 Arela-

169 2567 273 2644 tensis,
287 2570 360 2630 arrni
378 2575 623 2645 maureconem,
647 2575 683 2633 in·
704 2593 766 2654 quo
779 2573 907 2633 dicitur:
935 2571 979 2631 De
994 2570 1137 2632 theatricis

169 2664 195 2714 et
207 2655 287 2735 ipses
299 2658 425 2737 placuit,
449 2660 593 2740 quamdiu
604 2671 745 2742 epucho
767 2662 967 2722 corrtrnunione
990 2658 1135 2740 separcri;

169 2744 222 2803 sed
238 2752 438 2827 praeterquam
457 2756 502 2810 est
512 2750 595 2811 iocus
609 2749 768 2812 dubitandi
782 2768 858 2812 num
870 2749 922 2810 iiic
934 2766 1034 2809 canen
1049 2747 1136 2827 tegiti-

168 2848 219 2893 nte
246 2834 341 2912 possit
365 2836 517 2916 applicari
531 2837 685 2903 hodiernis
710 2838 913 2920 spectaculis,
940 2855 1002 2897 non
1029 2838 1137 2898 constat
1169 2880 1171 2937 q

169 2922 517 2988 excommunicationem
545 2945 601 3007 per
627 2928 727 3008 ipsum
749 2926 862 2989 iliatam
886 2943 952 2987 esse
978 2924 1044 3007 ipso
1059 2922 1136 2985 ‘iacto
1169 2940 1171 3011 q

106 3042 108 3046 ,
170 3010 396 3093 incurrendam.
423 3018 537 3078 Asserit
550 3015 677 3100 quidem
691 3014 1029 3089 Pontesiuscotnoedos‚
1042 3013 1137 3092 singa-
1170 3018 1171 3069 1

168 3097 205 3159 lis
215 3099 388 3175 dominicis,
414 3102 445 3163 in
461 3103 590 3166 iorrnuta
613 3104 721 3184 pronai
735 3103 906 3166 denuntiati
926 3108 1072 3182 tanquam
1089 3117 1137 3161 ex·
1170 3106 1171 3183 g

168 3189 428 3268 contranimus,
445 3192 499 3255 sed
522 3193 591 3273 ptus
614 3211 709 3273 quam
728 3193 835 3273 viginti
855 3197 886 3254 et
906 3196 1023 3271 septem
1041 3188 1136 3251 uario·
1170 3190 1171 3255 Ϊ

167 3276 237 3338 rum
249 3278 420 3341 dioeceseon
432 3281 592 3344 ritualibus
600 3282 688 3343 Gard.
705 3284 833 3343 Gousset
846 3280 1034 3342 demonstrat
1043 3278 1072 3338 in
1085 3276 1137 3337 hoc
1169 3330 1171 3339 ,

167 3366 329 3448 deceptum
340 3386 406 3432 esse
429 3370 606 3432 Pontasium
621 3373 645 3447 ³,
657 3377 686 3433 et
698 3369 782 3432 addit
794 3369 919 3455 insuper
933 3386 966 3430 se
980 3368 1096 3448 opinari
1109 3364 1136 3424 ir

199 3581 222 3629 r.
239 3580 264 3640 a,
282 3580 305 3639 a,
323 3596 347 3647 q.
359 3580 416 3643 rae,
431 3583 517 3635 raam.
1169 3504 1171 3603 i

198 3649 221 3700 t.
237 3651 272 3701 De
286 3652 424 3715 uirtutibus,
438 3654 498 3706 diss.
511 3655 534 3714 a,
549 3669 578 3704 n⁰
591 3655 644 3706 ttt.

80 3783 89 3795 ,‚
200 3719 223 3770 3.
246 3722 414 3786 theotmar,
429 3731 446 3775 t.
459 3726 481 3787 t,
496 3736 522 3775 n0
535 3725 589 3776 648.
