2384 4138
187 128 226 187 60
510 139 548 182 nn
570 137 832 183 annosvuunanrs.

190 286 205 323 «
226 264 364 342 excipere
374 258 616 331 audeat,sublata
629 264 788 338 propterea
798 258 881 321 illi...
891 258 1091 341 quacumque
1107 281 1173 324 auc·

190 374 205 410 «
226 351 343 411 toritate
359 354 388 408 et
396 346 617 425 jurisdictione,
635 345 672 405 ad
685 345 940 428 qualemcumque
953 366 1122 427 personam
1138 353 1172 411 ab

190 461 205 496 «
225 435 402 517 hujusmodi
417 434 508 514 culpa
523 433 749 509 absolvendam,
765 435 841 497 adeo
866 436 992 517 quidem
1020 445 1054 498 ut
1081 438 1172 500 abso-

190 550 205 585 «
227 527 312 601 lutio,
328 526 351 586 si
379 540 471 605 quam
498 523 692 603 impertierit,
722 524 806 585 nulla
823 534 915 605 atque
943 526 1025 586 irrita
1039 527 1172 589 omnino

190 638 206 673 «
226 615 274 690 sit,
290 621 434 692 tanquam
461 612 611 692 impertita
622 620 643 672 'a
661 611 815 672 sacerdote
829 612 893 693 qui,
908 613 1126 693 jurisdictione
1140 635 1172 676 aa

190 726 205 760 «
225 703 364 764 facultate
384 698 422 760 ad
447 699 545 761 valide
567 700 784 761 absolvendum
814 702 983 763 necessaria
1005 750 1013 776 ,
1033 703 1171 782 privatus

192 815 207 849 «
228 791 344 867 existit3
372 806 464 870 quam
483 790 511 848 ei
539 807 593 868 per
621 796 785 867 praesentes
814 788 867 850 bas
893 800 1011 852 nostras
1033 792 1171 854 adimere

191 902 206 937 «
227 868 433 940 intendimus:
450 884 480 939 et
494 876 702 950 nibilominus
720 878 744 937 si
768 879 837 956 quis
855 877 1058 940 confessarius
1079 899 1170 943 secus

191 989 206 1025 «
227 967 324 1028 lacere
347 983 438 1027 ausus
448 965 549 1039 luerit,
564 964 687 1041 maioris
707 983 829 1044 quoque
842 967 1170 1030 excommunicationis

191 1078 206 1113 «
228 1073 361 1135 poenam,
378 1072 395 1114 a
420 1073 480 1134 qua
495 1052 668 1114 absolvendi
688 1053 868 1132 potestatem
880 1053 974 1115 Nobis
995 1054 1078 1131 solis,
1093 1075 1169 1118 nos-

191 1166 206 1201 «
227 1144 341 1224 trisque
365 1141 590 1212 successoribus
611 1140 757 1202 duntaxat
778 1159 982 1216 reservamus,
999 1143 1065 1223 ipso
1089 1145 1169 1206 lacto

191 1255 206 1291 «
228 1233 378 1308 incurrat3
405 1231 592 1291 declarantes
618 1231 708 1290 etiam
728 1237 758 1290 et
783 1229 981 1291 decernentes
1003 1231 1088 1311 quod
1112 1251 1167 1294 nec

192 1345 207 1379 «
228 1322 320 1382 etiam
347 1323 378 1382 in
395 1320 455 1379 rim
483 1319 704 1398 cujuscumque
727 1317 853 1399 J'ubilaei,
867 1328 920 1379 aut
939 1319 1030 1380 etiam
1058 1321 1164 1395 Bullae,

191 1428 296 1490 «quae
320 1408 489 1488 appellatur
517 1422 669 1469 anuarino
692 1422 823 1480 saudan,
840 1413 892 1468 aut
914 1406 1041 1469 alterius
1062 1411 1166 1487 cujus-

191 1521 206 1556 «
227 1497 303 1558 libet
322 1495 443 1567 indulti,
460 1495 681 1556 confessionem
697 1494 768 1555 dicti
795 1495 991 1574 complicis...
1023 1497 1164 1577 quisnam

191 1609 206 1644 «
226 1586 322 1647 valeat
360 1584 518 1663 excipere,
550 1584 639 1664 eique
667 1583 915 1644 sacramentalem
943 1584 1164 1664 absolutionem

191 1698 207 1732 «
227 1673 346 1754 elargiri
356 1696 370 1731 n
379 1720 385 1732 .
395 1674 467 1733 Haec
474 1672 623 1733 habentur
631 1672 661 1732 in
673 1671 760 1733 Bulla
772 1671 964 1732 Sacramenta'
972 1675 1161 1752 paenitentia.

192 1786 207 1821 «
228 1765 261 1822 ln
276 1760 491 1830 coristitutione
505 1778 576 1823 vero
589 1760 756 1840 Apostolici
766 1761 895 1821 muneris
905 1760 1042 1822 additur:
1055 1764 1163 1833 Quem-

191 1871 207 1905 «
226 1847 391 1909 admodum
406 1848 598 1910 interdictum
621 1866 682 1908 non
706 1854 762 1923 est,
778 1848 808 1908 in
823 1849 927 1909 mortis
950 1850 1094 1924 articulo,
1104 1869 1165 1930 per-

192 1959 207 1994 «
228 1954 334 1998 sonam
349 1937 379 1997 in
393 1937 536 2017 praedicto
550 1937 630 2016 turpi
645 1943 766 2016 peccato
775 1938 955 2017 complicem
969 1938 1165 2001 confitentem

192 2045 206 2080 α
227 2024 342 2099 audire,
356 2031 446 2105 atque
458 2025 496 2085 ab
511 2025 684 2102 hujusmodi
697 2042 820 2104 quoque
834 2025 923 2105 culpa
935 2026 991 2086 rite
1005 2030 1165 2088 contritam

192 2136 207 2171 «
228 2113 391 2187 absolvere,
402 2113 561 2174 deficiente
576 2121 649 2175 tunc
663 2130 859 2193 quocumque
874 2115 933 2174 alio
946 2114 1164 2196 sacerdotequi

192 2224 207 2260 «
225 2202 399 2263 confessarii
414 2219 527 2262 munus
552 2201 637 2262 obire
651 2202 754 2281 possit,
769 2202 810 2263 ita
832 2202 970 2264 interdici
990 2221 1023 2263 re
1046 2204 1125 2284 ipsa,
1140 2213 1165 2265 ct

193 2313 208 2349 «
229 2290 379 2369 prohiberi
400 2290 543 2368 praedicto
563 2290 653 2350 modo
665 2299 739 2350 tunc
755 2288 861 2350 audire
874 2297 902 2351 et
913 2289 1082 2369 absolvere,
1098 2294 1163 2354 atsi

193 2402 208 2437 «
228 2379 304 2440 alius
324 2378 434 2459 aliquis
454 2377 593 2439 sacerdos
621 2396 683 2439 non
709 2377 848 2451 deluerit,
866 2379 982 2439 etiamsi
1008 2379 1087 2441 forte
1115 2381 1163 2441 iste

193 2490 208 2525 «
227 2467 303 2528 alius
316 2467 481 2547 simplex...
492 2465 730 2526 sacerdosfuerit
747 2511 767 2526 ..
779 2484 840 2527 non
855 2467 1162 2549 approbatus...,pos

194 2578 209 2613 «
230 2556 268 2616 sit
284 2555 482 2616 nibilominus
493 2554 594 2634 ipse...
606 2553 828 2616 confessionem
840 2554 979 2634 excipere
994 2574 1030 2616 ac
1043 2557 1161 2618 absolu·

193 2667 208 2701 «
228 2643 1161 2724 tionemimpertiri.Porrosi...circumstantiaequaevitarinou

194 2754 209 2789 «
229 2732 355 2811 possint,
371 2731 521 2808 ejusmodi
540 2730 664 2805 fuerint,
682 2737 715 2792 ut
729 2731 806 2791 alius
817 2730 971 2805 sacerdos,
983 2734 1022 2792 ad
1036 2734 1161 2795 audien-

194 2843 208 2878 «
228 2821 298 2880 dam
312 2819 481 2881 constitutae
497 2819 528 2879 iu
543 2819 623 2880 dicto
637 2819 764 2880 articulo
779 2816 915 2897 personae
929 2819 1159 2892 confessionem,

147 2905 150 2911 ’
194 2931 209 2965 «
230 2909 340 2983 vocari,
357 2916 407 2968 aut
419 2906 564 2968 accedere
581 2908 647 2968 sine
662 2907 743 2987 gravi
758 2907 860 2986 aliqua
874 2907 1024 2970 exoritura
1041 2909 1161 2971 infamia

91 3010 117 3027 ⁶·
194 3021 209 3057 «
230 2997 276 3059 vel
298 2995 440 3057 scandalo
460 3001 608 3074 nequeat,
631 3002 704 3057 tunc
723 2995 817 3072 alium
836 2994 1022 3056 sacerdotem
1040 2996 1161 3077 perinde

194 3110 209 3145 «
230 3085 343 3158 haberi,
360 3084 538 3164 censerique
550 3102 637 3163 posse
645 3103 679 3145 ac
692 3083 717 3144 si
729 3102 830 3146 revera
842 3083 972 3159 abesset,
988 3090 1081 3165 atque
1093 3086 1160 3148 deii·

194 3198 209 3234 «
230 3182 320 3248 ceret,
336 3193 371 3236 ao
396 3172 521 3254 proinde
538 3173 569 3233 in
585 3192 621 3235 eo
632 3190 734 3234 rerum
747 3179 824 3234 statu
840 3191 901 3233 non
918 3171 1071 3252 prohiberi
1086 3174 1161 3236 socio

194 3287 209 3321 «
229 3263 365 3324 criminis
379 3261 524 3323 sacerdoti
535 3261 760 3323 absolutionem
773 3260 928 3339 poenitenti
943 3261 982 3323 ab
994 3279 1031 3323 co
1042 3280 1162 3345 quoque

194 3375 209 3409 «
230 3352 357 3414 crimine
371 3350 528 3430 impertiri.
546 3350 625 3411 Sciat
639 3356 740 3411 autem
753 3349 893 3430 complex
904 3349 1055 3426 eiusmodi
1068 3369 1161 3414 sacer·

195 3462 210 3497 «
230 3440 295 3516 dos,
311 3445 341 3499 et
360 3440 439 3499 serio
461 3437 682 3499 animadvertat
694 3438 758 3499 lore
781 3455 813 3497 se
831 3455 863 3498 re
883 3437 947 3517 ipsa
968 3455 1075 3500 coram
1090 3443 1159 3512 lleo,

195 3548 210 3584 «
230 3527 282 3607 qui
298 3524 415 3586 irrideri
427 3544 488 3587 non
504 3532 612 3606 potest,
628 3543 715 3588 reum
726 3525 824 3606 gravis
833 3524 977 3586 adversus
992 3528 1159 3607 praedictam

196 3621 366 3678 «nostram
389 3614 636 3677 constitutionem
659 3614 898 3690 inobedientiae,
926 3614 1055 3696 latisque
1078 3618 1110 3680 in
1133 3634 1159 3679 ea
