2362 4094
434 164 526 209 uirus
548 164 580 208 11.
954 155 990 210 dt

32 295 93 349 rara
102 279 187 354 solet,
203 297 230 340 v.
243 299 274 360 g.
290 279 418 342 sudoris.
435 285 498 342 lmo
521 280 660 342 nonnulli
674 283 692 342 e
706 283 737 343 S.
754 282 897 362 Liguorio
915 283 995 344 citati

30 362 127 429 'dicunt
147 368 209 430 hoc·
230 369 373 448 pernrittti
387 387 458 431 cum
484 369 540 431 levi
565 370 665 431 cernis
683 371 900 446 commotione,
928 391 996 452 quae

31 460 125 517 umen
139 456 247 518 nonsit
261 455 373 519 directe
387 457 477 520 volite
491 460 511 518 ¹.

69 548 133 606 167.
156 544 278 620 Quaerit.
309 550 342 606 7⁰
364 545 524 631 Quomodo
547 565 636 626 agere
662 547 770 609 debeat
795 547 997 609 confessarius

33 651 96 694 cum
116 633 333 713 poenitentibus
359 641 482 715 peccato
508 635 685 716 pollutionis
710 635 875 718 inquinatis
896 644 947 697 aut
970 636 996 697 ei

33 721 172 783 assuetis‘l

67 811 154 890 Resp.
170 810 300 875 Maxime
312 811 456 885 interesse
472 811 553 892 quod
561 810 708 873 sanctioni
718 810 892 892 hujusmodi
901 811 998 893 inqui-

21 903 164 979 *natorum
179 901 292 960 attente
305 900 423 961 studeat
442 899 645 962 confessarius
661 919 668 959 ε
686 900 768 962 aliud
790 918 862 961 sane
878 908 999 962 nonest

21 985 128 1048 ¹vitium
153 986 235 1067 quod
249 993 294 1048 tot
306 987 441 1050 infelices
457 988 563 1050 habeat
577 987 714 1061 effectus,
728 995 758 1049 et
771 996 814 1050 tot
828 989 943 1050 animas
967 989 996 1050 in

33 1072 177 1137 infernum
201 1076 341 1156 depellat.
369 1077 512 1139 Dicemus
539 1094 612 1156 ergo
637 1095 699 1158 quo
723 1080 813 1137 niodo
839 1096 871 1138 se
893 1096 998 1157 gerere

31 1154 130 1225 debent
159 1165 196 1226 ed
226 1164 430 1245 detegendum
459 1164 542 1226 hunc
570 1164 708 1226 lethalem
739 1164 901 1238 morbum3
937 1183 999 1246 quo

35 1251 116 1312 inodo
128 1253 158 1314 in
179 1253 279 1315 danda
292 1253 501 1329 absolutione3
522 1261 551 1314 et
573 1252 697 1336 tandem
710 1271 854 1333 quaenam
871 1271 999 1334 presser-

35 1336 80 1398 tim
91 1341 224 1403 remedie
239 1341 298 1402 sint
312 1342 350 1402 ab
364 1343 431 1422 ipso
446 1347 520 1403 tunc
533 1341 766 1423 praescribenda.

68 1433 133 1492 toa.
160 1433 191 1490 l⁰
214 1429 360 1505 Quomodo
374 1450 515 1510 reperere
535 1429 841 1511 debeatconsessurrirs
864 1430 904 1492 ud
928 1430 992 1494 dete

31 1516 147 1593 perdum
155 1518 336 1598 pollutionis
348 1517 524 1598 peceatum?

66 1606 153 1666 Nulla
166 1615 209 1668 est
221 1605 495 1687 dillicultrsquoad
521 1605 702 1686 poenitentes
717 1607 768 1687 qui
783 1607 876 1668 nitide
890 1606 928 1669 de
942 1608 999 1670 hu·

30 1693 155 1768 jusmodi
172 1697 302 1776 peccatis
316 1713 348 1754 se
360 1701 513 1764 accusent,
524 1695 569 1755 vel
581 1695 686 1756 saltem
697 1696 767 1756 satis
781 1713 813 1756 se
822 1696 1002 1775 patefaciunt

33 1788 60 1841 ut
82 1783 283 1845 confessarius
296 1784 388 1845 libare
404 1783 497 1864 possit
511 1783 637 1846 ulterius
648 1784 812 1865 procedere
827 1785 856 1844 in
872 1785 934 1846 suis
954 1785 1003 1846 in-

33 1871 288 1950 terrogationibus.
318 1870 376 1933 Sed
402 1871 487 1935 multi
516 1880 598 1942 sunl,
629 1873 796 1952 praesertim
820 1872 949 1948 juvenes
973 1878 1004 1933 et

34 1960 159 2019 tueritne
169 1960 288 2039 puetlae,
302 1961 366 2040 qui,
376 1961 438 2021 sive
447 1961 487 2021 ob
498 1959 711 2021 verecundiam
726 1960 787 2021 sire
796 1959 1003 2022 obdifficulta·

34 2053 87 2106 teni
110 2049 207 2126 turpia
223 2055 344 2128 peccata
367 2048 568 2131 exprimendi,
598 2048 691 2109 altuni
718 2047 875 2109 silentium
904 2047 941 2108 de
969 2048 1004 2109 iis

34 2145 158 2196 servent.
173 2137 284 2198 Munus
299 2145 342 2197 est
367 2155 439 2217 ergo
459 2135 632 2198 confessarii
659 2135 863 2198 misericordis
884 2155 919 2197 ac
941 2136 1004 2198 zelo

35 2222 200 2286 anicianum
217 2224 387 2304 praediti,in
403 2225 548 2286 auxilium
559 2225 661 2285 venire
674 2224 847 2300 hujusmodi
862 2223 1002 2294 infirmis,

33 2311 81 2371 sed
98 2314 139 2374 ita
153 2313 317 2391 prudenter
332 2321 364 2376 ut
379 2332 431 2375 eos
446 2332 507 2377 non
522 2313 714 2387 scandalizet,
737 2320 765 2375 et
782 2313 908 2385 melum,
923 2314 1006 2394 quod

33 2398 102 2460 torte
116 2401 241 2462 feliciter
254 2403 404 2483 ignorant,
419 2421 480 2464 nou
492 2401 627 2476 edoceat,
642 2408 744 2462 tamon
759 2401 798 2461 ita
812 2400 958 2479 sagaciter
975 2410 1008 2463 ut

34 2488 67 2546 ad
82 2491 236 2551 veritatem
252 2492 423 2569 perveniat:
449 2490 541 2571 longe
555 2496 658 2550 autem
673 2489 767 2550 satius
781 2496 870 2561 esset,
892 2493 925 2548 ut
940 2507 1005 2549 mo·

36 2594 102 2637 nere
129 2578 227 2639 solent
253 2589 401 2651 auctores,
424 2578 560 2659 periculo
588 2577 791 2658 integritatem
806 2576 1007 2659 consessionis

23 2682 92 2725 non
106 2666 290 2746 procurandi
309 2685 341 2728 se
353 2685 507 2750 exponere
521 2685 613 2748 quam
633 2668 751 2727 animas
764 2665 1004 2738 contaminandi.

70 2754 239 2829 Ordinerie,
255 2760 325 2817 ante
345 2756 513 2836 pubertatis
527 2773 636 2829 annos,
656 2754 836 2835 prenitentes
859 2771 922 2816 non
936 2761 1007 2816 sunt

36 2839 238 2924 interrogandi
249 2843 331 2905 circa
345 2844 545 2924 pollutionem
562 2842 774 2905 :inveniuntur
783 2849 1008 2924 tamen,quem·

36 2928 74 2991 vis
87 2949 166 3009 raro,
182 2950 282 2994 mares
296 2932 328 2993 in
341 2932 453 3014 quibus
465 2932 586 2994 malitia
600 2930 744 3012 prevenit
757 2938 889 3008 etatem,
904 2938 1006 2993 elnon

37 3016 73 3078 ita
85 3037 153 3082 raro
163 3019 276 3083 adsunt
289 3020 400 3101 puellae
423 3039 492 3102 quae
500 3021 563 3097 iam
577 3039 594 3082 e
606 3019 768 3094 decennio,
784 3019 846 3080 imo
858 3026 889 3080 et
911 3037 1009 3101 asep-

36 3109 137 3170 tenuio
159 3108 349 3189 voluptatem
370 3110 522 3171 carnalem
548 3127 602 3190 per
622 3115 719 3170 tactus
747 3117 798 3169 aut
824 3107 883 3169 alio
908 3108 1009 3169 medio

37 3194 90 3257 sibi
104 3204 281 3278 procurant.
294 3201 332 3263 Ut
343 3197 409 3260 haec
420 3215 493 3278 ergo
511 3197 701 3277 detegantur,
716 3197 760 3259 sic
775 3202 842 3277 aget
854 3194 1010 3258 confessa-

37 3300 106 3346 nus.

72 3373 231 3451 Procedat,
242 3374 341 3455 inquit
351 3377 387 3436 D.
403 3374 572 3451 Rousselot,
590 3395 605 3432 r
617 3390 635 3434 a
648 3372 818 3434 minoribus
831 3373 867 3433 ad
883 3373 1008 3452 majore,

40 3486 54 3522 r
73 3464 110 3525 ab
120 3462 341 3526 universalibus
354 3462 391 3525 ad
412 3463 616 3546 particularia,
628 3461 751 3542 amagis
766 3461 844 3523 notis
856 3459 893 3522 ad
910 3460 1010 3520 minus

67 3657 91 3706 1.
110 3657 138 3714 V.
152 3655 229 3709 etiam
243 3654 348 3718 Saettler,
359 3669 398 3720 ap.
412 3655 555 3716 Rousselot,
573 3621 597 3722 p.
611 3656 651 3707 ar.
667 3696 679 3716 .
