2362 4094
173 160 233 220 t08
490 168 527 212 nr
549 167 642 212 anans
664 169 816 214 vernaus.

173 300 232 370 tus,
246 310 318 354 curn
332 290 491 352 delectatio
506 289 613 352 reddat
627 289 778 371 objectum
792 309 935 371 praesens,
950 296 980 353 et
995 291 1147 370 objectant

174 400 236 442 non
251 382 290 440 sit
302 398 404 442 revera
420 380 592 458 seJnnctum
608 397 624 440 a
638 397 693 441 sua
708 379 832 441 malitia.
850 378 1026 463 Secusrero
1044 380 1147 443 dican·

173 470 247 531 dum
262 475 353 543 esset,
367 466 451 528 addit
466 469 603 548 ipsemet,
620 469 648 529 si
658 468 726 550 qais
739 467 849 530 diceret
862 488 891 529 re
903 467 1051 530 delectari
1061 467 1148 531 cteta

172 558 199 619 si
210 577 266 617 nou
279 566 349 618 esset
361 556 485 631 uratum,
497 574 568 619 cum
581 557 613 616 in
627 555 685 619 hoc
706 574 777 618 casu
798 564 971 619 removetur
993 554 1150 619 delectatio

174 664 213 707 ne
230 645 343 707 malum
354 643 569 706 committatur.

215 733 332 794 Exhinc
360 734 391 793 S.
408 732 592 811 Lignorius¹
617 731 797 794 concludit:
818 754 834 791 n
857 734 967 796 Varius
986 731 1149 795 dicendum

179 839 442 902 «quamcumque
473 819 705 882 delectationem
736 820 898 883 voluntatis
925 821 957 882 in
982 822 1150 903 sponsiset

179 933 194 970 n
214 908 356 971 viduisde
366 908 475 989 copula
489 908 589 970 lutura
603 908 648 970 vel
663 909 813 987 praeterita
823 919 889 971 esse
904 910 1074 979 malum...,
1087 907 1163 993 quia·

180 1023 195 1059 (ι
215 997 375 1061 delectatio
390 996 486 1057 reddit
501 997 556 1057 sihi
572 996 725 1075 objectum
740 1015 893 1077 praesens;
908 1005 938 1059 et
952 998 1022 1060 ideo
1037 1014 1150 1078 semper

180 1110 195 1147 a
215 1106 252 1149 ac
264 1087 417 1165 objectum
434 1102 566 1165 praesens
580 1084 630 1146 hlc
644 1092 672 1145 et
692 1103 775 1147 nunc
792 1091 838 1147 est
850 1085 976 1161 malum,
993 1105 1068 1149 cum
1082 1083 1151 1148 ahait

181 1175 266 1237 nhlc
289 1180 320 1236 et
347 1192 430 1237 nunc
451 1172 584 1234 conditio
614 1171 817 1235 cohonestaris
842 1173 1049 1247 matrimonii,
1080 1173 1155 1236 mala

182 1288 197 1324 n
217 1266 307 1326 etiam
320 1269 365 1324 est
378 1262 479 1323 omnis
491 1261 616 1323 actualis
629 1261 789 1323 delectatio
802 1261 840 1323 de
854 1261 905 1323 illo
914 1266 938 1337 ⁸,
957 1263 1042 1325 aliud
1056 1263 1151 1326 dieen-
1170 1306 1171 1341 2

182 1375 197 1412 «
218 1353 291 1413 dum
306 1351 344 1412 de
358 1349 506 1410 desiderio
521 1368 582 1430 quo
597 1367 728 1431 sponsus
752 1349 814 1413 vult
833 1351 975 1431 copulam
996 1351 1149 1415 futuram:

183 1464 198 1499 «
219 1441 276 1502 hoc
290 1438 373 1500 enim
389 1438 469 1515 licet,
494 1440 566 1517 quia
581 1456 652 1500 cum
668 1439 807 1500 voluntas
830 1437 978 1501 fertario
1000 1440 1151 1523 objectum

184 1553 199 1588 a
219 1528 354 1590 loturum
370 1532 468 1606 potest
481 1526 555 1588 illud
569 1526 741 1589 desiderare
760 1526 817 1589 suh
840 1526 1091 1611 conditioneque
1104 1528 1151 1590 ah·

151 1624 154 1631 '
184 1641 203 1676 a
217 1619 332 1695 jectum
346 1614 461 1677 licitum
477 1616 544 1676 erit.
563 1619 601 1675 at
613 1614 683 1695 quia
699 1615 730 1676 in
746 1615 795 1676 tali
809 1614 958 1677 desiderio
972 1616 1151 1679 adestetian
1171 1652 1172 1689 ,

185 1703 389 1785 «periculum
415 1701 635 1776 delectationis,
666 1703 779 1765 idcirco
793 1703 933 1765 hortandi
955 1712 1028 1768 sunt
1056 1705 1150 1787 sponsi

187 1816 203 1853 n
225 1801 258 1855 ut
274 1791 381 1853 seduld
395 1810 412 1852 a
428 1797 605 1853 searertant
617 1790 792 1871 huiusmodi
807 1799 910 1873 turpes
923 1794 1152 1874 cogitationem·

223 1884 290 1946 rac.
327 1881 449 1952 Ouaerit.
480 1884 513 1941 2⁰
540 1882 586 1940 An
613 1879 774 1943 delectatio
800 1881 830 1941 in
858 1883 981 1944 materia
1018 1882 1102 1964 turpi
1122 1883 1153 1943 sit

182 1987 302 2050 semper
313 1974 474 2049 peccatum
486 1968 632 2030 mortale?

222 2061 312 2138 Resp.
338 2062 368 2118 l⁰
390 2057 476 2118 Certe
491 2065 650 2138 peccatum
666 2057 792 2119 mortale
804 2064 859 2131 ⁴est
873 2057 1034 2121 delectatio
1050 2059 1152 2123 voluu-

184 2148 268 2220 taria,
283 2163 336 2207 seu
354 2163 473 2207 morosa
492 2145 577 2208 dere
601 2145 693 2227 turpi,
714 2153 865 2227 quatenus
886 2153 930 2208 est
944 2147 1056 2229 turpis,
1078 2149 1152 2231 juxta

184 2235 273 2298 verba
286 2235 353 2296 libri
368 2233 541 2316 Sapientiae,
556 2252 584 2295 c.
598 2237 627 2310 l,
640 2253 667 2296 v.
682 2238 700 2296 3
715 2236 1154 2317 :peruersoeroqitotioaerupa

184 2324 370 2385 rantalleo.

223 2417 257 2474 2⁰
278 2412 308 2473 Si
323 2429 394 2474 vero
408 2410 565 2472 delectatio
588 2411 625 2471 sit
647 2416 765 2472 tantum
787 2412 825 2474 de
846 2411 1029 2492 cogitatione
1054 2409 1154 2493 obiecti

184 2501 281 2583 turpis
308 2517 368 2561 non
393 2505 439 2560 est
454 2505 714 2578 peccatumcasu
741 2519 804 2578 quo
818 2518 906 2561 mens
927 2501 966 2561 de
980 2500 1027 2562 his
1054 2500 1155 2564 utiliter

185 2594 362 2669 occupatur,
374 2606 401 2648 v.
424 2606 469 2667 gr.
494 2587 525 2647 iu
540 2586 647 2649 ordine
662 2585 699 2647 ad
714 2586 898 2663 docendum,
915 2587 953 2649 ad
975 2591 1154 2651 concionan-

185 2677 271 2754 dum,
287 2684 347 2738 etc.
363 2678 440 2736 Nam
461 2676 539 2739 sicut
552 2675 667 2737 honum
682 2682 726 2737 est
741 2675 779 2737 de
797 2675 844 2737 his
857 2676 1001 2757 cogitare,
1019 2678 1066 2739 sic
1075 2676 1156 2740 etiam

186 2764 301 2826 honum
327 2763 469 2826 delectari
493 2762 666 2841 huiusmodi
689 2764 881 2844 cogitatione.
911 2765 942 2825 Si
966 2783 1038 2828 vero
1060 2766 1100 2829 de
1120 2762 1156 2825 his

131 2908 134 2915 ,
185 2854 367 2932 cogitaretur
392 2871 428 2914 ex
453 2869 538 2913 mera
564 2851 749 2926 curiositate,
778 2852 896 2914 adesset
920 2860 1096 2934 peccatum,
1114 2848 1156 2915 sed

185 2948 304 3002 tautum
319 2941 433 3012 veniale
447 2939 539 3001 modo
555 2958 615 3000 non
642 2947 719 3001 esset
734 2939 904 3021 periculum
927 2942 1058 3004 ulterius
1089 2941 1156 3005 rualo
1173 3000 1174 3007 ,

186 3028 405 3091 consentiendi.
421 3031 461 3089 lta
475 3026 506 3089 S.
518 3028 648 3089 Thomas
662 3032 684 3088 ³.

220 3226 243 3274 l.
256 3223 327 3284 laid,
342 3232 369 3271 n⁰
379 3223 419 3272 at.

218 3297 241 3346 2.
255 3296 303 3346 Res
321 3292 393 3344 aliter
410 3292 526 3344 sehabet
551 3291 617 3342 inter
629 3293 759 3358 conjuges,
773 3298 798 3342 at
819 3292 949 3357 probabile
967 3302 1007 3346 eat
1019 3312 1065 3349 eoa
1088 3309 1155 3365 parre.

187 3367 282 3431 absque
301 3365 390 3416 aaltem
415 3371 517 3429 peccato
532 3362 640 3423 mortali,
656 3362 775 3413 delectari
788 3362 862 3413 etiam
882 3365 1018 3418 carnaliter
1030 3369 1064 3421 de
1084 3367 1157 3435 copula

187 3438 212 3487 in
225 3437 337 3487 absentia
358 3434 500 3500 compartis,
515 3434 589 3485 modo
602 3433 667 3483 absit
686 3434 823 3498 periculum
837 3434 998 3501 pollutioni85
1016 3441 1077 3505 quia
1089 3447 1154 3492 arator

187 3507 338 3558 matrimonii
350 3508 402 3557 haec
415 3506 562 3570 cohonestat
575 3514 601 3554 et
612 3505 679 3554 licita
695 3505 785 3554 reddit.
807 3505 840 3555 lta
858 3506 883 3555 S.
898 3506 999 3572 higunr.
1014 3503 1157 3564 contrusit-

189 3579 290 3629 mantic.
303 3584 328 3629 et
342 3579 406 3628 alios
418 3572 539 3642 quosdam
555 3575 619 3636 (Lib.
633 3577 658 3636 5,
671 3584 698 3624 n⁰
711 3574 761 3638 25).

217 3649 241 3700 a.
259 3648 281 3711 r,
294 3648 318 3709 a,
332 3664 357 3714 q.
372 3648 411 3709 aa,
426 3653 472 3698 aa.
490 3647 514 3697 a.
