2384 4138
418 239 521 316 ¹curor
542 273 576 315 11.
951 264 995 326 45*

18 399 74 461 quo
93 382 277 446 adulterium
298 396 402 448 manet
429 389 605 463 occultum3
631 392 655 450 si
679 407 751 451 vero
774 390 934 470 contigerit
954 393 991 452 ad

19 472 111 532 mariti
128 474 348 536 notitiumillud
364 476 532 555 pervenire,¹
546 476 601 557 ipsi
613 477 859 548 satisfaciendum
871 486 916 540 est
930 498 991 542 non

19 559 112 621 media
129 563 270 641 pecunia,
281 565 433 625 ordinarie
448 564 555 626 saltem
568 587 575 624 ε
590 565 668 626 bona
683 568 766 627 enirn
778 566 907 628 sortunae
922 569 992 631 nul-

20 648 75 710 lam
94 669 165 711 eum
187 650 304 713 honore
318 660 347 713 et
361 652 441 712 lama
455 653 680 732 proportionem
696 654 822 729 habent,
847 655 899 716 sed
910 657 993 718 satis-

20 735 141 812 suctione
152 738 325 814 honoraria,
363 741 516 820 obsequiis
528 789 543 816 ‚.
560 742 704 821 petitione
725 743 821 804 veniae
852 749 904 805 aut
926 745 993 807 aliis

20 822 210 903 hujusmodi,
232 829 402 891 secundum
421 829 661 892 circumstantias
680 837 711 892 el
730 831 760 891 in
776 836 923 911 quantum
949 839 992 893 est

21 912 168 989 possibile.

55 1005 102 1061 95.
126 1003 232 1073 Quoad
244 1004 391 1067 damnum
403 1024 473 1067 vero
487 1005 654 1086 temporale
666 1024 720 1086 per
730 1006 912 1068 adulterium
924 1007 992 1068 illa-

22 1093 90 1166 tum,
105 1092 151 1151 vel
167 1099 286 1153 constat
306 1094 423 1173 prolem
437 1093 531 1155 luisse
546 1100 644 1155 ortam
659 1113 696 1155 ex
715 1094 880 1172 adulterio,
893 1095 940 1156 rel
954 1095 992 1158 de

22 1174 73 1238 hoe
85 1178 253 1242 dubitatur.
907 1209 911 1217 ·

57 1267 85 1326 Si
101 1268 319 1347 prius‚eertum
336 1273 387 1343 {est
400 1269 572 1332 adulterum
585 1270 682 1331 teneri
698 1270 831 1350 primunt
847 1269 884 1330 ad
899 1288 993 1330 resar-
1096 1273 1109 1295 '

21 1353 156 1418 ciendum
171 1374 263 1418 omne
277 1360 443 1438 temporale
457 1359 742 1439 damnurmquando
755 1359 850 1419 suasit
860 1363 912 1418 aut
925 1376 994 1438 pro

22 1443 128 1504 curavit
141 1450 176 1505 ut
200 1445 299 1525 proles
322 1446 456 1508 adultera
475 1448 555 1508 inter
569 1447 647 1508 tilios
667 1446 821 1527 legitimos
833 1453 991 1526 computa-

22 1539 113 1604 retur;
128 1535 201 1596 item
211 1536 233 1596 si
249 1537 289 1610 vi,
301 1541 384 1599 metu
396 1544 446 1598 aut
460 1537 520 1598 alio
533 1535 624 1597 modo
639 1535 752 1615 iniusto
761 1534 798 1596 ad
810 1534 991 1597 adulterium

22 1618 147 1701 impulit,
159 1630 211 1684 aut
225 1623 249 1685 si
260 1625 461 1704 promissione
475 1623 514 1686 ad
529 1623 734 1704 reparandum
743 1641 835 1684 omne
844 1622 991 1685 damnum

23 1725 50 1770 se
60 1709 229 1772 obstrinxit.
245 1713 275 1772 Si
290 1720 492 1787 verounum
507 1713 663 1774 concurrit
679 1711 716 1773 ad
733 1711 916 1792 gignendam
930 1711 991 1774 hu-

20 1795 143 1871 jusmodi
165 1800 294 1879 prolem,
317 1802 547 1864 controvertitur
570 1819 608 1862 un
632 1801 664 1861 in
688 1800 746 1861 hoc
780 1819 852 1863 casu
874 1800 992 1863 adulter

22 1888 151 1950 teneatur
164 1888 202 1949 ad
212 1890 365 1969 praelatam
380 1890 671 1969 compensationem.
688 1889 809 1968 Triplex
825 1896 870 1950 est
883 1888 920 1950 de
935 1889 992 1951 hoc

24 1978 178 2053 seutentia3
194 1977 247 2039 sed
266 1978 358 2057 longe
376 1978 609 2057 probabiliorem
629 1978 809 2038 sententiam
829 1996 898 2056 quae
912 1977 992 2038 astir-

25 2068 77 2124 mat
89 2062 179 2147 habet
194 2067 225 2126 S.
241 2066 363 2145 Lignor.
377 2070 401 2138 ⁴,
417 2068 489 2147 quia
501 2066 683 2127 adulterium
698 2072 741 2127 est
751 2083 840 2127 causa
855 2066 993 2145 proxima

24 2154 49 2207 et
68 2153 191 2213 moralis
216 2155 354 2215 omnium
373 2153 574 2227 damnorum,
601 2171 638 2215 eo
663 2152 745 2234 quod
765 2154 930 2231 praesertim
956 2153 994 2214 sit

25 2241 171 2302 moraliter
198 2241 382 2323 impossibile
408 2243 526 2304 mulieri
553 2260 731 2322 separares
760 2241 828 2300 liliis
851 2240 993 2319 legitimis

25 2328 133 2424 prolem
146 2330 357 2391 adulterinam.
374 2331 521 2431 usquead
536 2330 774 2431 obligationem
767 2346 864 2408 ipsam
879 2329 990 2405 alendi,

25 2413 191 2480 indubium
203 2419 334 2480 revocari
349 2422 453 2497 nequit
466 2419 541 2498 quin
558 2420 651 2498 ipsius
667 2425 751 2527 pat-er
764 2418 802 2478 ad
817 2418 876 2478 hoc
886 2423 994 2479 tanea·

27 2507 69 2565 tur
72 2526 183 2589 ‚reque
195 2526 230 2569 ae
244 2512 373 2569 mater&

60 2596 147 2657 Juxta
165 2616 238 2678 ergo
260 2597 440 2658 sententiam
461 2597 550 2675 longe
571 2594 804 2675 probabiliorem
825 2594 942 2656 adulter
964 2550 994 2657 et

27 2681 154 2746 adultera
177 2704 264 2766 aeque
287 2692 430 2747 tenentur
456 2684 492 2745 ad
513 2682 738 2784 compensanda
757 2683 860 2744 omnia
881 2684 994 2745 darrnra

28 2787 59 2831 ex
78 2773 223 2836 adulterio
238 2781 351 2836 secula.
368 2773 427 2835 Sed
442 2773 517 2854 quid
539 2791 563 2833 sr
556 2771 721 2833 alteruter
736 2771 855 2833 induxit
869 2772 906 2833 ad
921 2791 994 2852 pec-

29 2862 149 2924 candum
177 2862 333 2943 precibus,
353 2861 559 2938 suasionibus,
586 2867 638 2922 aut
662 2858 727 2921 aliis
742 2860 796 2921 viis
819 2879 873 2940 per
886 2880 919 2922 se
932 2879 993 2922 non

30 2944 162 3025 injustis?
176 2986 215 2998 —-
231 2950 351 3030 Sylvius
367 2957 451 3030 putat
466 2949 564 3028 primo
578 2948 645 3010 loeo
659 2947 754 3009 teneri
770 2951 844 3010 tune
856 2947 893 3009 ad
907 2949 995 3011 resti-

30 3038 165 3101 tuendum
180 3057 252 3102 eum
267 3038 319 3119 qui
335 3037 377 3099 sic
399 3037 530 3118 impulit,
554 3037 624 3117 quia
646 3042 691 3097 est
709 3054 798 3097 eausa
820 3037 995 3117 principalis

31 3122 135 3206 damni,
150 3135 179 3192 et
193 3129 251 3190 hoc
259 3127 379 3189 videtur
388 3126 497 3188 rationi
508 3125 596 3187 valde
610 3142 786 3205 congruens
801 3146 810 3203 3
827 3125 877 3186 alii
892 3132 994 3188 tamen

31 3211 126 3281 d'teunt
137 3224 300 3297 utrumque
319 3216 414 3278 teneri
430 3233 516 3295 aeque
532 3213 724 3291 immediate,
743 3213 813 3294 quia
832 3214 995 3281 consilium

32 3306 71 3361 est
83 3302 111 3364 in
125 3312 289 3384 utrumque
303 3299 512 3371 commodum,
530 3308 559 3363 et
573 3310 703 3383 uterque
717 3309 763 3363 est
789 3316 876 3383 reque
890 3301 997 3364 damni

31 3397 178 3454 executor:
194 3394 235 3454 ita
250 3393 380 3466 Lessius‚
393 3390 581 3463 Salmantic.‚
593 3397 650 3452 etc.
659 3411 668 3467 ;
681 3390 734 3460 alii
749 3391 875 3452 dentum
891 3391 995 3454 dicunt

33 3485 184 3562 utrumque
197 3482 291 3544 teneri
307 3481 431 3561 quidem
455 3480 555 3560 primo
576 3480 662 3556 loco,
678 3479 729 3541 sed
746 3478 784 3540 ad
807 3479 920 3559 aliquid
933 3499 997 3542 anr-
1022 3496 1025 3502 ·

62 3689 295 3754 emaum.

62 3758 82 3807 2.
95 3758 204 3827 Contere,
219 3764 357 3826 uerunt,
371 3771 398 3812 u⁰
412 3762 483 3813 1383.
