2378 4102
322 176 511 224 nrmsararro
530 179 564 222 n.
588 175 684 224 oarur
704 176 749 219 ru.
966 160 1023 218 {73

496 339 512 420 ς
532 342 568 401 n.

132 499 266 546 Peccata
287 501 444 549 CONJUGUM'
458 505 513 549 PER
533 503 708 560 DEFEGTUM,
737 502 774 546 ET
794 502 929 548 lllll'lllllllS

420 610 460 655 DE
481 610 638 657 orttrtlstw.

74 762 150 820 307.
176 760 306 820 Peccant
331 759 478 840 conjuges
492 760 529 833 si,
555 760 585 819 in
611 779 667 821 usu
688 760 873 820 matrimonii
888 761 932 821 vcl
955 768 1022 841 post

36 864 144 923 usum,
164 847 278 927 aliquid
298 847 408 909 faciant
422 867 483 928 quo
500 849 684 928 impediatur
704 850 870 927 generatio,
890 849 934 908 rel
959 869 1021 930 quo

36 952 146 996 semen
168 943 325 1017 receptum
341 937 504 1015 rejiciatur,
521 938 591 1016 quia
613 945 707 1016 agunt
721 944 826 998 contra
843 937 936 997 fiuorn
953 952 1020 998 ma*

37 1023 176 1084 trimonii
193 1045 200 1084 ε
216 1044 243 1084 v.
262 1045 305 1104 g.,
323 1027 347 1085 εἰ
368 1043 445 1086 uxor
469 1027 569 1086 statim
585 1033 652 1105 post
666 1024 807 1105 copulam
828 1027 948 1105 mingit,
970 1035 1022 1088 aut

35 1115 147 1192 surgit,
164 1120 215 1174 aut
231 1113 344 1193 aliquid
363 1113 444 1174 aliud
456 1164 458 1167 .
469 1113 538 1174 lacit
552 1113 659 1175 'animo
680 1121 714 1174 ut
736 1131 841 1174 semen
864 1122 1020 1194 receptum

35 1200 178 1280 expellat.
193 1201 416 1263 advertendum
436 1208 538 1263 tamen
553 1209 598 1262 est
613 1202 771 1263 matricem
787 1201 868 1264 brevi
885 1209 1020 1283 tempore

36 1305 145 1351 semen
163 1290 310 1353 attrahere
325 1297 353 1351 et
367 1291 536 1352 arctissime
550 1292 649 1352 claudi
662 1296 683 1350 ¹.

76 1398 150 1459 308.
176 1397 297 1467 Quaerit.
330 1403 360 1458 l⁰
388 1399 435 1458 An
462 1396 627 1457 mortaliter
652 1403 779 1478 peccent
805 1398 950 1477 conjuges
976 1399 1018 1475 si,

38 1481 173 1565 incoepta
186 1486 306 1566 copula,
324 1485 731 1547 seminationem'cohibeant
744 1486 760 1547 ‘l

74 1592 171 1671 Resp.
197 1592 250 1655 Vel
273 1592 303 1653 in
322 1592 381 1654 hoc
406 1591 497 1654 ambo
525 1599 596 1653 sunt
614 1593 850 1667 consentientes,
872 1593 918 1653 rel
940 1612 1020 1656 unus

36 1684 158 1741 tantum
182 1680 310 1762 sicagit.
345 1684 378 1742 In
396 1682 499 1763 primo
518 1700 598 1756 coro,
622 1700 684 1742 non
708 1682 791 1743 adest
810 1689 883 1744 tune
908 1701 962 1762 per
986 1702 1019 1746 se

39 1765 195 1849 loquendo
210 1776 368 1849 peccatum
383 1771 520 1871 mortale,
538 1771 628 1832 modo
647 1771 723 1831 absit
737 1771 910 1851 periculum
926 1773 1019 1833 somi-

39 1859 134 1918 nandi
153 1867 237 1919 extra
251 1877 327 1920 vas:
337 1859 415 1941 quia
434 1860 513 1920 vasis
534 1858 674 1919 feminei
667 1860 848 1940 penetratio
875 1867 919 1921 est
947 1881 1019 1940 pro-

39 1946 125 2022 prius
139 1952 237 2008 tactus
251 1949 465 2022 verendorum,
483 1949 537 2028 qui
551 1949 755 2009 communiter
770 1967 832 2010 non
847 1948 974 2011 habetur
987 1959 1019 2034 ut

38 2030 216 2117 lethalet
171 2056 200 2096 rn
204 2045 250 2097 ter
264 2038 422 2116 conjuges,
438 2038 556 2098 secluso
577 2036 753 2117 pollutionis
772 2044 855 2098 extra
875 2056 926 2099 vas
941 2041 1017 2119 peri-

39 2123 120 2184 culo.
142 2125 253 2186 [licitur
265 2145 320 2206 per
332 2145 362 2186 se
377 2125 532 2206 loquendo,
548 2126 618 2206 quia
631 2125 707 2208 solet
720 2125 825 2186 adesse
843 2127 1018 2230 pollutionis

39 2213 209 2307 perieulum
223 2233 260 2275 ex
277 2214 452 2294 huJusmodi
472 2217 665 2288 retractione,
680 2233 716 2275 ac
737 2215 892 2294 proinde
886 2235 917 2275 rn
933 2218 1017 2295 praxi

39 2298 194 2364 immunes
216 2321 277 2363 non
298 2308 369 2363 sunt
382 2304 527 2382 coniuges
548 2322 565 2363 a
585 2321 667 2391 gravi
659 2302 802 2377 delicm,
824 2304 881 2364 nisi
901 2306 1016 2413 experti

39 2384 152 2450 luerint
166 2391 272 2453 abesse
286 2392 343 2480 tale
356 2391 539 2469 periculum.

77 2489 248 2550 Inserenda
261 2508 330 2550 casu
344 2497 425 2550 certe
437 2489 567 2567 graviter
581 2495 686 2569 peccat
699 2490 811 2567 conjux
826 2482 871 2551 sic
879 2462 911 2552 se
921 2498 1015 2553 retra·

40 2570 184 2637 hendo'
162 2596 226 2638 sine
241 2579 371 2649 alterius
397 2596 561 2650 consensu,
588 2596 625 2639 eo
648 2577 731 2657 quod
752 2579 837 2640 istius
859 2579 907 2657 Jus
927 2580 1016 2642 laedat

40 2679 109 2725 cum
135 2666 271 2745 periculo
290 2666 497 2746 pollutionis’.
514 2667 573 2728 Sed
596 2657 670 2747 quid
701 2667 724 2728 si
748 2686 828 2730 unus
842 2669 1013 2747 seminave-

40 2751 98 2814 rit‘l
114 2757 264 2816 Potest-ne
276 2756 350 2815 alter
364 2755 506 2816 cohibere
516 2756 773 2817 seminationem?

76 2861 170 2939 Resp.
187 2859 244 2921 Vel
258 2862 370 2937 coniux
387 2859 440 2941 qui
450 2861 610 2921 seminavit
624 2868 669 2922 est
684 2861 796 2923 lentina
810 2910 818 2938 ,
833 2865 877 2926 vel
893 2873 936 2927 est
955 2866 1010 2928 vir.

41 2943 71 3008 ln
84 2950 191 3030 prirno-
201 2948 368 3030 hypothesi,
390 2968 452 3009 non
471 2956 569 3030 potest
581 2950 626 3010 vir
639 2968 671 3010 se
691 2968 707 3011 a
721 2952 929 3023 seminatione,
945 2954 1014 3017 data

39 3052 139 3115 opera,
167 3056 199 3098 se
220 3038 371 3098 abstinere
394 3038 461 3098 sinc
483 3040 564 3117 gravi
584 3038 685 3118 culpa,
698 3039 769 3120 quia
787 3060 878 3103 causa
893 3052 937 3104 est
949 3044 1014 3125 ipse
1045 3035 1049 3040 ’

40 3131 71 3185 ut
85 3143 190 3187 semen
205 3126 340 3187 mulieris
355 3127 550 3206 prodigatur;
569 3133 598 3188 et
613 3127 692 3188 idern
707 3137 751 3188 est
763 3129 925 3191 dicendum
939 3135 962 3192 si
976 3151 1013 3194 ex

40 3214 148 3294 copula
162 3214 275 3276 lomina
288 3216 324 3276 sit
338 3216 368 3276 in
387 3214 537 3295 probabili
559 3215 695 3295 periculo
711 3217 892 3279 seminandi.
912 3223 1013 3281 Posset
1033 3258 1035 3262 ,
1077 3281 1079 3285 ,

40 3306 139 3364 tamen
163 3303 194 3364 in
210 3323 282 3366 casu
297 3304 342 3365 rir
362 3322 394 3364 se
409 3303 559 3366 retrahere
575 3303 614 3364 ad
628 3312 757 3365 mortem
773 3307 817 3366 vel
833 3308 1011 3369 scandalum

41 3388 206 3468 vitandum,
227 3393 317 3454 etiam
339 3411 411 3455 cum
428 3393 561 3474 periculo
575 3392 764 3475 pollutionis,
779 3397 851 3474 quia
870 3402 945 3458 tuno
958 3417 1012 3478 per

70 3605 91 3655 l.
108 3605 135 3655 S
154 3605 265 3669 Lignor,
281 3606 323 3656 lilt.
337 3608 360 3658 o.
375 3617 402 3655 n⁰
418 3608 475 3655 ast.

69 3675 92 3728 2.
110 3677 136 3729 S
152 3676 265 3742 liguas,
283 3677 317 3729 lib
330 3681 353 3740 o,
364 3687 399 3752 'n0
410 3677 466 3728 918.
