<?xml version="1.0" encoding="UTF-8"?>
<!DOCTYPE html PUBLIC "-//W3C//DTD XHTML 1.0 Transitional//EN"
    "http://www.w3.org/TR/xhtml1/DTD/xhtml1-transitional.dtd">
<html xmlns="http://www.w3.org/1999/xhtml" xml:lang="en" lang="en">
 <head>
  <title>
</title>
<meta http-equiv="Content-Type" content="text/html;charset=utf-8" />
  <meta name='ocr-system' content='tesseract 3.04.00' />
  <meta name='ocr-capabilities' content='ocr_page ocr_carea ocr_par ocr_line ocrx_word'/>
</head>
<body>
  <div class='ocr_page' id='page_1' title='image "./derebusvenereis00craigoog_0068.png"; bbox 0 0 2384 4138; ppageno 0'>
   <div class='ocr_carea' id='block_1_1' title="bbox 353 176 994 238">
    <p class='ocr_par' dir='ltr' id='par_1_1' title="bbox 353 176 994 238">
     <span class='ocr_line' id='line_1_1' title="bbox 353 176 994 238; baseline -0.003 -2"><span class='ocrx_word' id='word_1_1' title='bbox 353 200 356 204; x_wconf 93' lang='lat'>·</span> <span class='ocrx_word' id='word_1_2' title='bbox 428 191 523 238; x_wconf 76' lang='lat' dir='ltr'>elenu</span> <span class='ocrx_word' id='word_1_3' title='bbox 543 192 578 236; x_wconf 90' lang='lat'>11.</span> <span class='ocrx_word' id='word_1_4' title='bbox 955 176 994 235; x_wconf 78' lang='lat'>53</span> 
     </span>
    </p>
   </div>
   <div class='ocr_carea' id='block_1_2' title="bbox 30 307 1022 2951">
    <p class='ocr_par' dir='ltr' id='par_1_2' title="bbox 30 307 997 478">
     <span class='ocr_line' id='line_1_2' title="bbox 30 307 997 386; baseline 0 -18"><span class='ocrx_word' id='word_1_5' title='bbox 30 309 103 372; x_wconf 81' lang='lat' dir='ltr'>obest</span> <span class='ocrx_word' id='word_1_6' title='bbox 128 309 179 370; x_wconf 89' lang='lat' dir='ltr'>ubi</span> <span class='ocrx_word' id='word_1_7' title='bbox 204 309 432 372; x_wconf 85' lang='lat' dir='ltr'>matrimonium</span> <span class='ocrx_word' id='word_1_8' title='bbox 459 328 521 370; x_wconf 94' lang='lat' dir='ltr'>non</span> <span class='ocrx_word' id='word_1_9' title='bbox 547 314 592 371; x_wconf 84' lang='lat' dir='ltr'>est</span> <span class='ocrx_word' id='word_1_10' title='bbox 615 308 747 386; x_wconf 82' lang='lat' dir='ltr'>amplius</span> <span class='ocrx_word' id='word_1_11' title='bbox 769 307 895 370; x_wconf 82' lang='lat' dir='ltr'>velitum</span> <span class='ocrx_word' id='word_1_12' title='bbox 919 307 997 370; x_wconf 71' lang='lat' dir='ltr'>inter</span> 
     </span>
     <span class='ocr_line' id='line_1_3' title="bbox 31 399 246 478; baseline 0 -21"><span class='ocrx_word' id='word_1_13' title='bbox 31 399 207 478; x_wconf 77' lang='lat' dir='ltr'>propinquos</span> <span class='ocrx_word' id='word_1_14' title='bbox 223 402 246 457; x_wconf 86' lang='lat'>¹.</span> 
     </span>
    </p>

    <p class='ocr_par' dir='ltr' id='par_1_3' title="bbox 30 482 1002 1696">
     <span class='ocr_line' id='line_1_4' title="bbox 61 482 994 565; baseline -0.002 -18"><span class='ocrx_word' id='word_1_15' title='bbox 61 490 128 548; x_wconf 81' lang='grc' dir='ltr'>ΗΟ.</span> <span class='ocrx_word' id='word_1_16' title='bbox 151 489 196 546; x_wconf 85' lang='lat' dir='ltr'>Ex</span> <span class='ocrx_word' id='word_1_17' title='bbox 210 503 279 547; x_wconf 83' lang='lat' dir='ltr'>cun.</span> <span class='ocrx_word' id='word_1_18' title='bbox 298 484 411 560; x_wconf 80' lang='lat' dir='ltr'>Omnes,</span> <span class='ocrx_word' id='word_1_19' title='bbox 427 503 519 546; x_wconf 83' lang='lat' dir='ltr'>cause</span> <span class='ocrx_word' id='word_1_20' title='bbox 543 489 593 555; x_wconf 87' lang='lat'>30,</span> <span class='ocrx_word' id='word_1_21' title='bbox 607 504 637 565; x_wconf 89' lang='lat' dir='ltr'>q.</span> <span class='ocrx_word' id='word_1_22' title='bbox 655 488 684 560; x_wconf 74' lang='lat'>2,</span> <span class='ocrx_word' id='word_1_23' title='bbox 700 490 730 546; x_wconf 85' lang='lat' dir='ltr'>el</span> <span class='ocrx_word' id='word_1_24' title='bbox 743 502 811 546; x_wconf 86' lang='lat' dir='ltr'>can.</span> <span class='ocrx_word' id='word_1_25' title='bbox 825 482 893 563; x_wconf 83' lang='lat' dir='ltr'>Non</span> <span class='ocrx_word' id='word_1_26' title='bbox 905 484 994 554; x_wconf 79' lang='lat' dir='ltr'>debet,</span> 
     </span>
     <span class='ocr_line' id='line_1_5' title="bbox 31 571 996 654; baseline -0.002 -21"><span class='ocrx_word' id='word_1_27' title='bbox 31 574 93 635; x_wconf 82' lang='lat' dir='ltr'><strong>ibid.</strong></span> <span class='ocrx_word' id='word_1_28' title='bbox 110 573 209 654; x_wconf 79' lang='lat' dir='ltr'>colligi</span> <span class='ocrx_word' id='word_1_29' title='bbox 227 579 322 651; x_wconf 75' lang='lat' dir='ltr'>polest</span> <span class='ocrx_word' id='word_1_30' title='bbox 336 573 503 654; x_wconf 81' lang='lat' dir='ltr'>antiquitus</span> <span class='ocrx_word' id='word_1_31' title='bbox 515 579 672 653; x_wconf 81' lang='lat' dir='ltr'>peceatum</span> <span class='ocrx_word' id='word_1_32' title='bbox 687 572 807 634; x_wconf 76' lang='lat' dir='ltr'>cernale</span> <span class='ocrx_word' id='word_1_33' title='bbox 821 571 996 634; x_wconf 84' lang='lat' dir='ltr'>confessarii</span> 
     </span>
     <span class='ocr_line' id='line_1_6' title="bbox 30 661 995 742; baseline -0.005 -20"><span class='ocrx_word' id='word_1_34' title='bbox 30 680 91 722; x_wconf 87' lang='lat' dir='ltr'>mm</span> <span class='ocrx_word' id='word_1_35' title='bbox 106 680 158 724; x_wconf 84' lang='lat' dir='ltr'>sue</span> <span class='ocrx_word' id='word_1_36' title='bbox 168 662 332 742; x_wconf 74' lang='lat' dir='ltr'>poenitente</span> <span class='ocrx_word' id='word_1_37' title='bbox 342 661 479 723; x_wconf 83' lang='lat' dir='ltr'>habitum</span> <span class='ocrx_word' id='word_1_38' title='bbox 489 661 671 725; x_wconf 83' lang='lat' dir='ltr'>luissevelul</span> <span class='ocrx_word' id='word_1_39' title='bbox 684 661 815 742; x_wconf 84' lang='lat' dir='ltr'>speciem</span> <span class='ocrx_word' id='word_1_40' title='bbox 830 661 995 723; x_wconf 83' lang='lat' dir='ltr'>inoeslus¹.</span> 
     </span>
     <span class='ocr_line' id='line_1_7' title="bbox 31 748 997 828; baseline -0.001 -20"><span class='ocrx_word' id='word_1_41' title='bbox 31 750 60 810; x_wconf 81' lang='lat' dir='ltr'>ut</span> <span class='ocrx_word' id='word_1_42' title='bbox 78 751 138 812; x_wconf 85' lang='lat' dir='ltr'>hoo</span> <span class='ocrx_word' id='word_1_43' title='bbox 162 751 256 811; x_wconf 81' lang='lat' dir='ltr'>etiam</span> <span class='ocrx_word' id='word_1_44' title='bbox 279 748 367 810; x_wconf 86' lang='lat' dir='ltr'>hodie</span> <span class='ocrx_word' id='word_1_45' title='bbox 381 749 412 809; x_wconf 95' lang='lat' dir='ltr'>in</span> <span class='ocrx_word' id='word_1_46' title='bbox 425 751 631 812; x_wconf 81' lang='lat' dir='ltr'>controversia</span> <span class='ocrx_word' id='word_1_47' title='bbox 644 756 710 826; x_wconf 81' lang='lat' dir='ltr'>esl3</span> <span class='ocrx_word' id='word_1_48' title='bbox 734 749 786 811; x_wconf 87' lang='lat' dir='ltr'>sed</span> <span class='ocrx_word' id='word_1_49' title='bbox 795 751 880 828; x_wconf 73' lang='lat' dir='ltr'>iuxta</span> <span class='ocrx_word' id='word_1_50' title='bbox 896 751 928 811; x_wconf 90' lang='lat' dir='ltr'>S.</span> <span class='ocrx_word' id='word_1_51' title='bbox 945 749 997 808; x_wconf 91' lang='lat' dir='ltr'>Li-</span> 
     </span>
     <span class='ocr_line' id='line_1_8' title="bbox 32 836 998 920; baseline 0 -22"><span class='ocrx_word' id='word_1_52' title='bbox 32 857 122 916; x_wconf 72' lang='lat' dir='ltr'>gnon,</span> <span class='ocrx_word' id='word_1_53' title='bbox 137 839 190 920; x_wconf 90' lang='lat' dir='ltr'>qui</span> <span class='ocrx_word' id='word_1_54' title='bbox 210 837 325 898; x_wconf 82' lang='lat' dir='ltr'>mullos</span> <span class='ocrx_word' id='word_1_55' title='bbox 339 837 415 898; x_wconf 83' lang='lat' dir='ltr'>alios</span> <span class='ocrx_word' id='word_1_56' title='bbox 430 838 510 911; x_wconf 83' lang='lat' dir='ltr'>oilat,</span> <span class='ocrx_word' id='word_1_57' title='bbox 527 838 674 900; x_wconf 81' lang='lat' dir='ltr'>sententia</span> <span class='ocrx_word' id='word_1_58' title='bbox 688 855 803 918; x_wconf 79' lang='lat' dir='ltr'>negans</span> <span class='ocrx_word' id='word_1_59' title='bbox 825 836 998 917; x_wconf 80' lang='lat' dir='ltr'>est&#39;puoba-</span> 
     </span>
     <span class='ocr_line' id='line_1_9' title="bbox 32 925 1000 1008; baseline 0.002 -25"><span class='ocrx_word' id='word_1_60' title='bbox 32 926 124 1002; x_wconf 62' lang='lat' dir='ltr'>hilion</span> <span class='ocrx_word' id='word_1_61' title='bbox 142 945 226 1002; x_wconf 85' lang='lat' dir='ltr'>nam,</span> <span class='ocrx_word' id='word_1_62' title='bbox 244 927 276 986; x_wconf 91' lang='lat' dir='ltr'>in</span> <span class='ocrx_word' id='word_1_63' title='bbox 298 944 365 1006; x_wconf 82' lang='lat' dir='ltr'>cup.</span> <span class='ocrx_word' id='word_1_64' title='bbox 383 925 492 987; x_wconf 75' lang='lat' dir='ltr'>ultimo</span> <span class='ocrx_word' id='word_1_65' title='bbox 507 927 550 987; x_wconf 88' lang='lat' dir='ltr'>De</span> <span class='ocrx_word' id='word_1_66' title='bbox 564 928 736 1007; x_wconf 73' lang='lat' dir='ltr'>coqnolione</span> <span class='ocrx_word' id='word_1_67' title='bbox 756 926 930 1008; x_wconf 76' lang='lat' dir='ltr'><em>spirituali,</em></span> <span class='ocrx_word' id='word_1_68' title='bbox 950 926 1000 986; x_wconf 89' lang='lat' dir='ltr'>di-</span> 
     </span>
     <span class='ocr_line' id='line_1_10' title="bbox 32 1011 999 1095; baseline 0.001 -22"><span class='ocrx_word' id='word_1_69' title='bbox 32 1014 102 1075; x_wconf 83' lang='lat' dir='ltr'>oilur</span> <span class='ocrx_word' id='word_1_70' title='bbox 117 1035 124 1074; x_wconf 76' lang='grc' dir='ltr'>ε</span> <span class='ocrx_word' id='word_1_71' title='bbox 140 1013 195 1075; x_wconf 80' lang='lat' dir='ltr'>Eu</span> <span class='ocrx_word' id='word_1_72' title='bbox 212 1013 331 1074; x_wconf 79' lang='lat' dir='ltr'>datione</span> <span class='ocrx_word' id='word_1_73' title='bbox 353 1011 481 1075; x_wconf 76' lang='lat' dir='ltr'>oliorum</span> <span class='ocrx_word' id='word_1_74' title='bbox 509 1023 760 1076; x_wconf 80' lang='lat' dir='ltr'>sacramentorum</span> <span class='ocrx_word' id='word_1_75' title='bbox 781 1014 904 1095; x_wconf 79' lang='lat' dir='ltr'>(pnaeten</span> <span class='ocrx_word' id='word_1_76' title='bbox 917 1014 999 1094; x_wconf 84' lang='lat' dir='ltr'>Bap-</span> 
     </span>
     <span class='ocr_line' id='line_1_11' title="bbox 32 1101 1000 1184; baseline 0.002 -24"><span class='ocrx_word' id='word_1_77' title='bbox 32 1102 144 1164; x_wconf 80' lang='lat' dir='ltr'>tismum</span> <span class='ocrx_word' id='word_1_78' title='bbox 159 1101 475 1183; x_wconf 79' lang='lat' dir='ltr'>etConfiumelionem)</span> <span class='ocrx_word' id='word_1_79' title='bbox 488 1105 624 1184; x_wconf 61' lang='lat' dir='ltr'>coenolio</span> <span class='ocrx_word' id='word_1_80' title='bbox 634 1103 807 1184; x_wconf 79' lang='lat' dir='ltr'>spiritualis</span> <span class='ocrx_word' id='word_1_81' title='bbox 816 1121 1000 1183; x_wconf 78' lang='lat' dir='ltr'><strong><em>nequaquam</em></strong></span> 
     </span>
     <span class='ocr_line' id='line_1_12' title="bbox 32 1190 999 1271; baseline 0 -21"><span class='ocrx_word' id='word_1_82' title='bbox 32 1193 117 1252; x_wconf 81' lang='lat' dir='ltr'>mitur</span> <span class='ocrx_word' id='word_1_83' title='bbox 130 1212 139 1267; x_wconf 91' lang='lat'>;</span> <span class='ocrx_word' id='word_1_84' title='bbox 168 1208 260 1271; x_wconf 78' lang='lat' dir='ltr'>porro</span> <span class='ocrx_word' id='word_1_85' title='bbox 286 1208 348 1252; x_wconf 94' lang='lat' dir='ltr'>non</span> <span class='ocrx_word' id='word_1_86' title='bbox 374 1196 420 1251; x_wconf 86' lang='lat' dir='ltr'>est</span> <span class='ocrx_word' id='word_1_87' title='bbox 448 1192 582 1254; x_wconf 72' lang='lat' dir='ltr'>incestus</span> <span class='ocrx_word' id='word_1_88' title='bbox 605 1191 656 1254; x_wconf 92' lang='lat' dir='ltr'>ubi</span> <span class='ocrx_word' id='word_1_89' title='bbox 677 1210 742 1262; x_wconf 69' lang='lat' dir='ltr'>⁴non</span> <span class='ocrx_word' id='word_1_90' title='bbox 761 1190 807 1253; x_wconf 78' lang='lat' dir='ltr'>est</span> <span class='ocrx_word' id='word_1_91' title='bbox 832 1191 978 1271; x_wconf 79' lang='lat' dir='ltr'>cognatio</span> <span class='ocrx_word' id='word_1_92' title='bbox 990 1210 999 1264; x_wconf 88' lang='lat'>;</span> 
     </span>
     <span class='ocr_line' id='line_1_13' title="bbox 32 1279 1002 1361; baseline 0.002 -24"><span class='ocrx_word' id='word_1_93' title='bbox 32 1279 122 1361; x_wconf 78' lang='lat' dir='ltr'>lingo,</span> <span class='ocrx_word' id='word_1_94' title='bbox 147 1286 205 1343; x_wconf 84' lang='lat' dir='ltr'>elo.</span> <span class='ocrx_word' id='word_1_95' title='bbox 231 1281 286 1340; x_wconf 81' lang='lat' dir='ltr'>Est</span> <span class='ocrx_word' id='word_1_96' title='bbox 307 1285 410 1340; x_wconf 82' lang='lat' dir='ltr'>temen</span> <span class='ocrx_word' id='word_1_97' title='bbox 437 1285 511 1342; x_wconf 84' lang='lat' dir='ltr'>lunc</span> <span class='ocrx_word' id='word_1_98' title='bbox 535 1281 729 1361; x_wconf 80' lang='lat' dir='ltr'>saerilegium</span> <span class='ocrx_word' id='word_1_99' title='bbox 756 1280 786 1340; x_wconf 92' lang='lat' dir='ltr'>in</span> <span class='ocrx_word' id='word_1_100' title='bbox 811 1279 1002 1341; x_wconf 75' lang='lat' dir='ltr'>confessione</span> 
     </span>
     <span class='ocr_line' id='line_1_14' title="bbox 33 1365 1000 1451; baseline 0 -24"><span class='ocrx_word' id='word_1_101' title='bbox 33 1365 238 1430; x_wconf 80' lang='lat' dir='ltr'>declarandum</span> <span class='ocrx_word' id='word_1_102' title='bbox 255 1387 262 1427; x_wconf 93' lang='lat'>:</span> <span class='ocrx_word' id='word_1_103' title='bbox 279 1367 330 1429; x_wconf 90' lang='lat' dir='ltr'>sed</span> <span class='ocrx_word' id='word_1_104' title='bbox 347 1387 460 1430; x_wconf 75' lang='lat' dir='ltr'>nonen</span> <span class='ocrx_word' id='word_1_105' title='bbox 485 1387 522 1430; x_wconf 86' lang='lat' dir='ltr'>eo</span> <span class='ocrx_word' id='word_1_106' title='bbox 551 1370 667 1449; x_wconf 79' lang='lat' dir='ltr'>precise</span> <span class='ocrx_word' id='word_1_107' title='bbox 687 1369 769 1451; x_wconf 90' lang='lat' dir='ltr'>quod</span> <span class='ocrx_word' id='word_1_108' title='bbox 784 1387 853 1430; x_wconf 86' lang='lat' dir='ltr'>reus</span> <span class='ocrx_word' id='word_1_109' title='bbox 867 1369 905 1429; x_wconf 82' lang='lat' dir='ltr'>sit</span> <span class='ocrx_word' id='word_1_110' title='bbox 922 1385 1000 1429; x_wconf 87' lang='lat' dir='ltr'>oon-</span> 
     </span>
     <span class='ocr_line' id='line_1_15' title="bbox 32 1454 999 1537; baseline 0.002 -23"><span class='ocrx_word' id='word_1_111' title='bbox 32 1454 165 1519; x_wconf 84' lang='lat' dir='ltr'>lessarius</span> <span class='ocrx_word' id='word_1_112' title='bbox 179 1463 208 1528; x_wconf 84' lang='lat' dir='ltr'>et</span> <span class='ocrx_word' id='word_1_113' title='bbox 218 1455 258 1517; x_wconf 93' lang='lat' dir='ltr'>ob</span> <span class='ocrx_word' id='word_1_114' title='bbox 268 1456 410 1534; x_wconf 78' lang='lat' dir='ltr'>injuriam</span> <span class='ocrx_word' id='word_1_115' title='bbox 426 1464 617 1519; x_wconf 78' lang='lat' dir='ltr'>sacramento</span> <span class='ocrx_word' id='word_1_116' title='bbox 626 1457 811 1537; x_wconf 72' lang='lat' dir='ltr'>poenitenliae</span> <span class='ocrx_word' id='word_1_117' title='bbox 821 1457 999 1537; x_wconf 79' lang='lat' dir='ltr'>irrogatam3</span> 
     </span>
     <span class='ocr_line' id='line_1_16' title="bbox 35 1544 1000 1630; baseline -0.002 -24"><span class='ocrx_word' id='word_1_118' title='bbox 35 1545 79 1606; x_wconf 78' lang='lat' dir='ltr'>no</span> <span class='ocrx_word' id='word_1_119' title='bbox 93 1545 131 1608; x_wconf 89' lang='lat' dir='ltr'>ob</span> <span class='ocrx_word' id='word_1_120' title='bbox 145 1544 351 1607; x_wconf 81' lang='lat' dir='ltr'>conditionem</span> <span class='ocrx_word' id='word_1_121' title='bbox 368 1545 532 1607; x_wconf 78' lang='lat' dir='ltr'>sacerdotis</span> <span class='ocrx_word' id='word_1_122' title='bbox 544 1547 587 1608; x_wconf 86' lang='lat' dir='ltr'>rei</span> <span class='ocrx_word' id='word_1_123' title='bbox 601 1546 654 1627; x_wconf 88' lang='lat' dir='ltr'>qni</span> <span class='ocrx_word' id='word_1_124' title='bbox 673 1547 737 1607; x_wconf 89' lang='lat' dir='ltr'>Deo</span> <span class='ocrx_word' id='word_1_125' title='bbox 750 1563 803 1627; x_wconf 80' lang='lat' dir='ltr'>per</span> <span class='ocrx_word' id='word_1_126' title='bbox 816 1550 920 1607; x_wconf 82' lang='lat' dir='ltr'>votum</span> <span class='ocrx_word' id='word_1_127' title='bbox 935 1562 1000 1630; x_wconf 63' lang='lat' dir='ltr'>cass</span> 
     </span>
     <span class='ocr_line' id='line_1_17' title="bbox 33 1632 391 1696; baseline 0.011 -6"><span class='ocrx_word' id='word_1_128' title='bbox 33 1632 115 1695; x_wconf 81' lang='lat' dir='ltr'>lilnlis</span> <span class='ocrx_word' id='word_1_129' title='bbox 129 1639 175 1696; x_wconf 77' lang='lat' dir='ltr'>est</span> <span class='ocrx_word' id='word_1_130' title='bbox 187 1640 391 1695; x_wconf 81' lang='lat' dir='ltr'>consecratus.</span> 
     </span>
    </p>

    <p class='ocr_par' dir='ltr' id='par_1_4' title="bbox 33 1719 1022 2137">
     <span class='ocr_line' id='line_1_18' title="bbox 65 1719 1000 1800; baseline -0.002 -18"><span class='ocrx_word' id='word_1_131' title='bbox 65 1722 93 1782; x_wconf 86' lang='lat' dir='ltr'>Si</span> <span class='ocrx_word' id='word_1_132' title='bbox 105 1728 206 1784; x_wconf 85' lang='lat' dir='ltr'>aulem</span> <span class='ocrx_word' id='word_1_133' title='bbox 221 1722 424 1783; x_wconf 80' lang='lat' dir='ltr'>confessarius</span> <span class='ocrx_word' id='word_1_134' title='bbox 445 1722 483 1782; x_wconf 80' lang='lat' dir='ltr'>nd</span> <span class='ocrx_word' id='word_1_135' title='bbox 498 1722 615 1784; x_wconf 74' lang='lat' dir='ltr'>crimen</span> <span class='ocrx_word' id='word_1_136' title='bbox 633 1722 664 1783; x_wconf 91' lang='lat' dir='ltr'>in</span> <span class='ocrx_word' id='word_1_137' title='bbox 683 1721 873 1784; x_wconf 84' lang='lat' dir='ltr'>confessione</span> <span class='ocrx_word' id='word_1_138' title='bbox 887 1719 1000 1800; x_wconf 82' lang='lat' dir='ltr'>impel-</span> 
     </span>
     <span class='ocr_line' id='line_1_19' title="bbox 33 1808 1022 1891; baseline 0 -23"><span class='ocrx_word' id='word_1_139' title='bbox 33 1808 110 1888; x_wconf 74' lang='lat' dir='ltr'>leret,</span> <span class='ocrx_word' id='word_1_140' title='bbox 124 1817 316 1873; x_wconf 79' lang='lat' dir='ltr'>sacramento</span> <span class='ocrx_word' id='word_1_141' title='bbox 337 1817 411 1871; x_wconf 77' lang='lat' dir='ltr'>tuno</span> <span class='ocrx_word' id='word_1_142' title='bbox 425 1808 510 1870; x_wconf 82' lang='lat' dir='ltr'>fieret</span> <span class='ocrx_word' id='word_1_143' title='bbox 525 1810 654 1890; x_wconf 76' lang='lat' dir='ltr'>iniuria,</span> <span class='ocrx_word' id='word_1_144' title='bbox 669 1811 700 1871; x_wconf 92' lang='lat' dir='ltr'>in</span> <span class='ocrx_word' id='word_1_145' title='bbox 716 1816 865 1891; x_wconf 77' lang='lat' dir='ltr'>quantum</span> <span class='ocrx_word' id='word_1_146' title='bbox 888 1809 1002 1870; x_wconf 86' lang='lat' dir='ltr'>scilicet</span> <span class='ocrx_word' id='word_1_147' title='bbox 1020 1846 1022 1851; x_wconf 84' lang='lat'><em>·</em></span> 
     </span>
     <span class='ocr_line' id='line_1_20' title="bbox 34 1896 1002 1978; baseline 0 -21"><span class='ocrx_word' id='word_1_148' title='bbox 34 1898 226 1961; x_wconf 77' lang='lat' dir='ltr'>confessarius</span> <span class='ocrx_word' id='word_1_149' title='bbox 247 1908 352 1963; x_wconf 72' lang='lat' dir='ltr'>eontra</span> <span class='ocrx_word' id='word_1_150' title='bbox 367 1915 456 1959; x_wconf 92' lang='lat' dir='ltr'>sunm</span> <span class='ocrx_word' id='word_1_151' title='bbox 471 1896 606 1958; x_wconf 88' lang='lat' dir='ltr'>ollicium</span> <span class='ocrx_word' id='word_1_152' title='bbox 622 1899 819 1978; x_wconf 79' lang='lat' dir='ltr'>poenitenlem</span> <span class='ocrx_word' id='word_1_153' title='bbox 842 1917 858 1958; x_wconf 87' lang='lat' dir='ltr'>a</span> <span class='ocrx_word' id='word_1_154' title='bbox 880 1901 1002 1977; x_wconf 79' lang='lat' dir='ltr'>peccalo</span> 
     </span>
     <span class='ocr_line' id='line_1_21' title="bbox 33 1985 1002 2067; baseline 0.001 -23"><span class='ocrx_word' id='word_1_155' title='bbox 33 1988 177 2048; x_wconf 75' lang='lat' dir='ltr'>avellendi</span> <span class='ocrx_word' id='word_1_156' title='bbox 192 1993 304 2067; x_wconf 80' lang='lat' dir='ltr'>egeret,</span> <span class='ocrx_word' id='word_1_157' title='bbox 322 1986 449 2066; x_wconf 76' lang='lat' dir='ltr'>proinde</span> <span class='ocrx_word' id='word_1_158' title='bbox 471 1987 529 2048; x_wconf 88' lang='lat' dir='ltr'>hoo</span> <span class='ocrx_word' id='word_1_159' title='bbox 553 1994 709 2066; x_wconf 81' lang='lat' dir='ltr'>peceatum</span> <span class='ocrx_word' id='word_1_160' title='bbox 733 1986 897 2067; x_wconf 81' lang='lat' dir='ltr'>specialem</span> <span class='ocrx_word' id='word_1_161' title='bbox 918 1985 1002 2047; x_wconf 84' lang='lat' dir='ltr'>mali-</span> 
     </span>
     <span class='ocr_line' id='line_1_22' title="bbox 33 2073 730 2137; baseline 0.004 -6"><span class='ocrx_word' id='word_1_162' title='bbox 33 2073 96 2135; x_wconf 84' lang='lat' dir='ltr'>liem</span> <span class='ocrx_word' id='word_1_163' title='bbox 108 2075 244 2136; x_wconf 76' lang='lat' dir='ltr'>continet</span> <span class='ocrx_word' id='word_1_164' title='bbox 257 2074 287 2135; x_wconf 94' lang='lat' dir='ltr'>in</span> <span class='ocrx_word' id='word_1_165' title='bbox 303 2074 493 2135; x_wconf 80' lang='lat' dir='ltr'>confessione</span> <span class='ocrx_word' id='word_1_166' title='bbox 505 2074 730 2137; x_wconf 79' lang='lat' dir='ltr'>declarandam.</span> 
     </span>
    </p>

    <p class='ocr_par' dir='ltr' id='par_1_5' title="bbox 31 2161 1004 2578">
     <span class='ocr_line' id='line_1_23' title="bbox 67 2161 1002 2245; baseline 0 -23"><span class='ocrx_word' id='word_1_167' title='bbox 67 2162 94 2224; x_wconf 87' lang='lat' dir='ltr'>Si</span> <span class='ocrx_word' id='word_1_168' title='bbox 105 2182 177 2225; x_wconf 80' lang='lat' dir='ltr'>vero</span> <span class='ocrx_word' id='word_1_169' title='bbox 191 2161 392 2224; x_wconf 79' lang='lat' dir='ltr'>confessarius</span> <span class='ocrx_word' id='word_1_170' title='bbox 406 2169 484 2224; x_wconf 80' lang='lat' dir='ltr'>esset</span> <span class='ocrx_word' id='word_1_171' title='bbox 495 2163 655 2245; x_wconf 81' lang='lat' dir='ltr'>parochus,</span> <span class='ocrx_word' id='word_1_172' title='bbox 667 2170 886 2244; x_wconf 79' lang='lat' dir='ltr'>peooarollunc</span> <span class='ocrx_word' id='word_1_173' title='bbox 897 2167 1002 2223; x_wconf 80' lang='lat' dir='ltr'>contre</span> 
     </span>
     <span class='ocr_line' id='line_1_24' title="bbox 31 2248 1003 2330; baseline 0 -22"><span class='ocrx_word' id='word_1_174' title='bbox 31 2248 170 2325; x_wconf 81' lang='lat' dir='ltr'>justitiam</span> <span class='ocrx_word' id='word_1_175' title='bbox 186 2270 193 2312; x_wconf 73' lang='grc' dir='ltr'><strong>ε</strong></span> <span class='ocrx_word' id='word_1_176' title='bbox 209 2269 280 2312; x_wconf 87' lang='lat' dir='ltr'>cum</span> <span class='ocrx_word' id='word_1_177' title='bbox 294 2250 455 2329; x_wconf 78' lang='lat' dir='ltr'>exjustitia</span> <span class='ocrx_word' id='word_1_178' title='bbox 478 2257 615 2313; x_wconf 77' lang='lat' dir='ltr'>teneatur</span> <span class='ocrx_word' id='word_1_179' title='bbox 629 2270 698 2313; x_wconf 86' lang='lat' dir='ltr'>suns</span> <span class='ocrx_word' id='word_1_180' title='bbox 712 2270 782 2311; x_wconf 81' lang='lat' dir='ltr'>oves</span> <span class='ocrx_word' id='word_1_181' title='bbox 804 2268 926 2330; x_wconf 81' lang='lat' dir='ltr'>pascere</span> <span class='ocrx_word' id='word_1_182' title='bbox 941 2267 1003 2310; x_wconf 91' lang='lat' dir='ltr'>non</span> 
     </span>
     <span class='ocr_line' id='line_1_25' title="bbox 33 2336 1004 2420; baseline 0.001 -25"><span class='ocrx_word' id='word_1_183' title='bbox 33 2336 121 2399; x_wconf 84' lang='lat' dir='ltr'>solum</span> <span class='ocrx_word' id='word_1_184' title='bbox 135 2338 239 2413; x_wconf 81' lang='lat' dir='ltr'>verbo,</span> <span class='ocrx_word' id='word_1_185' title='bbox 255 2338 308 2400; x_wconf 90' lang='lat' dir='ltr'>sed</span> <span class='ocrx_word' id='word_1_186' title='bbox 331 2338 422 2400; x_wconf 82' lang='lat' dir='ltr'>eliam</span> <span class='ocrx_word' id='word_1_187' title='bbox 435 2340 575 2420; x_wconf 85' lang='lat' dir='ltr'>exemplo</span> <span class='ocrx_word' id='word_1_188' title='bbox 586 2341 608 2400; x_wconf 79' lang='lat'>³.</span> <span class='ocrx_word' id='word_1_189' title='bbox 624 2339 707 2400; x_wconf 90' lang='lat' dir='ltr'>Idem</span> <span class='ocrx_word' id='word_1_190' title='bbox 720 2338 944 2420; x_wconf 78' lang='lat' dir='ltr'>proportionale</span> <span class='ocrx_word' id='word_1_191' title='bbox 959 2342 1004 2397; x_wconf 82' lang='lat' dir='ltr'>est</span> 
     </span>
     <span class='ocr_line' id='line_1_26' title="bbox 32 2423 1004 2508; baseline 0.002 -26"><span class='ocrx_word' id='word_1_192' title='bbox 32 2423 187 2489; x_wconf 82' lang='lat' dir='ltr'>dicendum</span> <span class='ocrx_word' id='word_1_193' title='bbox 201 2427 239 2488; x_wconf 85' lang='lat' dir='ltr'>de</span> <span class='ocrx_word' id='word_1_194' title='bbox 253 2431 353 2489; x_wconf 80' lang='lat' dir='ltr'>tutore</span> <span class='ocrx_word' id='word_1_195' title='bbox 367 2445 439 2506; x_wconf 82' lang='lat' dir='ltr'>erga</span> <span class='ocrx_word' id='word_1_196' title='bbox 461 2428 607 2508; x_wconf 86' lang='lat' dir='ltr'>pupillam</span> <span class='ocrx_word' id='word_1_197' title='bbox 632 2427 713 2489; x_wconf 80' lang='lat' dir='ltr'>etde</span> <span class='ocrx_word' id='word_1_198' title='bbox 735 2426 878 2488; x_wconf 87' lang='lat' dir='ltr'>omnibus</span> <span class='ocrx_word' id='word_1_199' title='bbox 892 2424 1004 2505; x_wconf 87' lang='lat' dir='ltr'>quibus</span> 
     </span>
     <span class='ocr_line' id='line_1_27' title="bbox 34 2516 582 2578; baseline 0.011 -6"><span class='ocrx_word' id='word_1_200' title='bbox 34 2530 98 2576; x_wconf 81' lang='lat' dir='ltr'>ema</span> <span class='ocrx_word' id='word_1_201' title='bbox 116 2517 272 2577; x_wconf 80' lang='lat' dir='ltr'>minorum</span> <span class='ocrx_word' id='word_1_202' title='bbox 288 2519 334 2577; x_wconf 82' lang='lat' dir='ltr'>est</span> <span class='ocrx_word' id='word_1_203' title='bbox 347 2516 546 2578; x_wconf 88' lang='lat' dir='ltr'>commissum</span> <span class='ocrx_word' id='word_1_204' title='bbox 560 2518 582 2577; x_wconf 72' lang='lat'>⁸.</span> 
     </span>
    </p>

    <p class='ocr_par' dir='ltr' id='par_1_6' title="bbox 34 2601 1004 2951">
     <span class='ocr_line' id='line_1_28' title="bbox 70 2601 1004 2685; baseline -0.002 -23"><span class='ocrx_word' id='word_1_205' title='bbox 70 2606 134 2665; x_wconf 90' lang='lat' dir='ltr'>lll.</span> <span class='ocrx_word' id='word_1_206' title='bbox 157 2603 269 2676; x_wconf 86' lang='lat' dir='ltr'>Sedulo</span> <span class='ocrx_word' id='word_1_207' title='bbox 290 2603 341 2664; x_wconf 82' lang='lat' dir='ltr'>hio</span> <span class='ocrx_word' id='word_1_208' title='bbox 367 2608 412 2664; x_wconf 80' lang='lat' dir='ltr'>est</span> <span class='ocrx_word' id='word_1_209' title='bbox 431 2602 599 2666; x_wconf 82' lang='lat' dir='ltr'>notandum</span> <span class='ocrx_word' id='word_1_210' title='bbox 613 2603 718 2685; x_wconf 87' lang='lat' dir='ltr'>quod,</span> <span class='ocrx_word' id='word_1_211' title='bbox 748 2601 873 2682; x_wconf 81' lang='lat' dir='ltr'>quondo</span> <span class='ocrx_word' id='word_1_212' title='bbox 892 2601 1004 2678; x_wconf 78' lang='lat' dir='ltr'>coniux</span> 
     </span>
     <span class='ocr_line' id='line_1_29' title="bbox 34 2690 1004 2773; baseline 0.003 -27"><span class='ocrx_word' id='word_1_213' title='bbox 34 2706 92 2751; x_wconf 78' lang='lat' dir='ltr'>uem</span> <span class='ocrx_word' id='word_1_214' title='bbox 103 2691 194 2753; x_wconf 83' lang='lat' dir='ltr'>habel</span> <span class='ocrx_word' id='word_1_215' title='bbox 207 2710 278 2753; x_wconf 86' lang='lat' dir='ltr'>oum</span> <span class='ocrx_word' id='word_1_216' title='bbox 293 2710 356 2753; x_wconf 89' lang='lat' dir='ltr'>suae</span> <span class='ocrx_word' id='word_1_217' title='bbox 369 2691 481 2754; x_wconf 79' lang='lat' dir='ltr'>uxoris</span> <span class='ocrx_word' id='word_1_218' title='bbox 495 2692 722 2773; x_wconf 82' lang='lat' dir='ltr'>consanguinee</span> <span class='ocrx_word' id='word_1_219' title='bbox 736 2691 814 2752; x_wconf 82' lang='lat' dir='ltr'>intro</span> <span class='ocrx_word' id='word_1_220' title='bbox 835 2690 1004 2752; x_wconf 84' lang='lat' dir='ltr'>secundum</span> 
     </span>
     <span class='ocr_line' id='line_1_30' title="bbox 34 2778 1003 2856; baseline -0.001 -18"><span class='ocrx_word' id='word_1_221' title='bbox 34 2778 153 2856; x_wconf 77' lang='lat' dir='ltr'>gundum</span> <span class='ocrx_word' id='word_1_222' title='bbox 174 2780 273 2854; x_wconf 86' lang='lat' dir='ltr'>lineae,</span> <span class='ocrx_word' id='word_1_223' title='bbox 292 2780 354 2841; x_wconf 86' lang='lat' dir='ltr'>sive</span> <span class='ocrx_word' id='word_1_224' title='bbox 367 2784 457 2842; x_wconf 82' lang='lat' dir='ltr'>reotae</span> <span class='ocrx_word' id='word_1_225' title='bbox 476 2783 538 2844; x_wconf 86' lang='lat' dir='ltr'>sivo</span> <span class='ocrx_word' id='word_1_226' title='bbox 551 2780 768 2854; x_wconf 77' lang='lat' dir='ltr'>transversalis,</span> <span class='ocrx_word' id='word_1_227' title='bbox 783 2786 813 2841; x_wconf 79' lang='lat' dir='ltr'>et</span> <span class='ocrx_word' id='word_1_228' title='bbox 830 2778 893 2840; x_wconf 86' lang='lat' dir='ltr'>vioe</span> <span class='ocrx_word' id='word_1_229' title='bbox 907 2795 1003 2850; x_wconf 79' lang='lat' dir='ltr'>verse,</span> 
     </span>
     <span class='ocr_line' id='line_1_31' title="bbox 36 2865 1004 2951; baseline 0.001 -27"><span class='ocrx_word' id='word_1_230' title='bbox 36 2867 140 2946; x_wconf 72' lang='lat' dir='ltr'>conjux</span> <span class='ocrx_word' id='word_1_231' title='bbox 153 2887 222 2931; x_wconf 80' lang='lat' dir='ltr'>rous</span> <span class='ocrx_word' id='word_1_232' title='bbox 242 2869 360 2930; x_wconf 80' lang='lat' dir='ltr'>emittat</span> <span class='ocrx_word' id='word_1_233' title='bbox 370 2869 419 2947; x_wconf 81' lang='lat' dir='ltr'>jus</span> <span class='ocrx_word' id='word_1_234' title='bbox 434 2870 512 2931; x_wconf 81' lang='lat' dir='ltr'>lioile</span> <span class='ocrx_word' id='word_1_235' title='bbox 527 2868 648 2951; x_wconf 86' lang='lat' dir='ltr'>petendi</span> <span class='ocrx_word' id='word_1_236' title='bbox 671 2868 830 2948; x_wconf 78' lang='lat' dir='ltr'>coniugale</span> <span class='ocrx_word' id='word_1_237' title='bbox 855 2865 1004 2936; x_wconf 80' lang='lat' dir='ltr'>debitum,</span> 
     </span>
    </p>
   </div>
   <div class='ocr_carea' id='block_1_3' title="bbox 36 2951 1008 3215">
    <p class='ocr_par' dir='ltr' id='par_1_7' title="bbox 36 2951 1008 3215">
     <span class='ocr_line' id='line_1_32' title="bbox 36 2951 1006 3034; baseline 0.005 -25"><span class='ocrx_word' id='word_1_238' title='bbox 36 2951 98 3015; x_wconf 84' lang='lat' dir='ltr'>licet</span> <span class='ocrx_word' id='word_1_239' title='bbox 112 2956 220 3018; x_wconf 83' lang='lat' dir='ltr'>exhinc</span> <span class='ocrx_word' id='word_1_240' title='bbox 232 2955 472 3034; x_wconf 79' lang='lat' dir='ltr'>matrimonium,</span> <span class='ocrx_word' id='word_1_241' title='bbox 489 2977 559 3021; x_wconf 90' lang='lat' dir='ltr'>oum</span> <span class='ocrx_word' id='word_1_242' title='bbox 574 2959 613 3019; x_wconf 80' lang='lat' dir='ltr'>sit</span> <span class='ocrx_word' id='word_1_243' title='bbox 626 2957 855 3030; x_wconf 83' lang='lat' dir='ltr'>indissolubile,</span> <span class='ocrx_word' id='word_1_244' title='bbox 872 2973 933 3016; x_wconf 91' lang='lat' dir='ltr'>non</span> <span class='ocrx_word' id='word_1_245' title='bbox 947 2954 1006 3014; x_wconf 86' lang='lat' dir='ltr'>dis-</span> 
     </span>
     <span class='ocr_line' id='line_1_33' title="bbox 36 3041 1008 3128; baseline 0.001 -29"><span class='ocrx_word' id='word_1_246' title='bbox 36 3041 167 3106; x_wconf 79' lang='lat' dir='ltr'>solmluu.</span> <span class='ocrx_word' id='word_1_247' title='bbox 182 3045 215 3106; x_wconf 90' lang='lat' dir='ltr'>ld</span> <span class='ocrx_word' id='word_1_248' title='bbox 227 3051 345 3107; x_wconf 78' lang='lat' dir='ltr'>constat</span> <span class='ocrx_word' id='word_1_249' title='bbox 359 3063 395 3105; x_wconf 84' lang='lat' dir='ltr'>ex</span> <span class='ocrx_word' id='word_1_250' title='bbox 409 3064 476 3125; x_wconf 83' lang='lat' dir='ltr'><strong>cap.</strong></span> <span class='ocrx_word' id='word_1_251' title='bbox 492 3046 529 3109; x_wconf 82' lang='lat' dir='ltr'>Si</span> <span class='ocrx_word' id='word_1_252' title='bbox 541 3047 617 3128; x_wconf 81' lang='lat' dir='ltr'>quie,</span> <span class='ocrx_word' id='word_1_253' title='bbox 637 3045 679 3109; x_wconf 85' lang='lat' dir='ltr'>De</span> <span class='ocrx_word' id='word_1_254' title='bbox 690 3064 722 3105; x_wconf 87' lang='lat' dir='ltr'>eo</span> <span class='ocrx_word' id='word_1_255' title='bbox 735 3045 789 3126; x_wconf 81' lang='lat' dir='ltr'>qni</span> <span class='ocrx_word' id='word_1_256' title='bbox 812 3043 961 3124; x_wconf 69' lang='lat' dir='ltr'>eouoouil,</span> <span class='ocrx_word' id='word_1_257' title='bbox 977 3047 1008 3103; x_wconf 81' lang='lat' dir='ltr'>el</span> 
     </span>
     <span class='ocr_line' id='line_1_34' title="bbox 38 3127 817 3215; baseline 0.006 -27"><span class='ocrx_word' id='word_1_258' title='bbox 38 3127 235 3195; x_wconf 76' lang='lat' dir='ltr'>declaratione</span> <span class='ocrx_word' id='word_1_259' title='bbox 250 3133 387 3213; x_wconf 80' lang='lat' dir='ltr'>Gregorii</span> <span class='ocrx_word' id='word_1_260' title='bbox 401 3135 478 3209; x_wconf 87' lang='lat' dir='ltr'>Xlll,</span> <span class='ocrx_word' id='word_1_261' title='bbox 491 3154 541 3215; x_wconf 85' lang='lat' dir='ltr'>ep.</span> <span class='ocrx_word' id='word_1_262' title='bbox 558 3137 589 3196; x_wconf 90' lang='lat' dir='ltr'>S.</span> <span class='ocrx_word' id='word_1_263' title='bbox 603 3134 780 3213; x_wconf 79' lang='lat' dir='ltr'>Lignorium</span> <span class='ocrx_word' id='word_1_264' title='bbox 796 3135 817 3193; x_wconf 73' lang='lat'>⁵.</span> 
     </span>
    </p>
   </div>
   <div class='ocr_carea' id='block_1_4' title="bbox 37 3326 1007 3611">
    <p class='ocr_par' dir='ltr' id='par_1_8' title="bbox 37 3326 1007 3611">
     <span class='ocr_line' id='line_1_35' title="bbox 54 3326 1001 3409; baseline -0.005 -27"><span class='ocrx_word' id='word_1_265' title='bbox 54 3332 87 3409; x_wconf 82' lang='grc' dir='ltr'>Ι1.</span> <span class='ocrx_word' id='word_1_266' title='bbox 102 3331 169 3394; x_wconf 76' lang='lat' dir='ltr'>llio,</span> <span class='ocrx_word' id='word_1_267' title='bbox 189 3343 217 3383; x_wconf 88' lang='lat' dir='ltr'>n0</span> <span class='ocrx_word' id='word_1_268' title='bbox 236 3333 291 3384; x_wconf 63' lang='lat'><strong>³152.</strong></span> <span class='ocrx_word' id='word_1_269' title='bbox 306 3333 340 3384; x_wconf 85' lang='lat' dir='ltr'>lle</span> <span class='ocrx_word' id='word_1_270' title='bbox 363 3334 412 3383; x_wconf 87' lang='lat' dir='ltr'>hoo</span> <span class='ocrx_word' id='word_1_271' title='bbox 433 3334 489 3384; x_wconf 78' lang='lat' dir='ltr'>vide</span> <span class='ocrx_word' id='word_1_272' title='bbox 507 3333 581 3384; x_wconf 77' lang='lat' dir='ltr'>eliam</span> <span class='ocrx_word' id='word_1_273' title='bbox 598 3329 716 3382; x_wconf 78' lang='lat' dir='ltr'>Manuale</span> <span class='ocrx_word' id='word_1_274' title='bbox 737 3332 780 3380; x_wconf 79' lang='lat' dir='ltr'>lot.</span> <span class='ocrx_word' id='word_1_275' title='bbox 798 3328 853 3390; x_wconf 81' lang='lat' dir='ltr'>jur.</span> <span class='ocrx_word' id='word_1_276' title='bbox 879 3326 1001 3386; x_wconf 79' lang='lat' dir='ltr'>cononici,</span> 
     </span>
     <span class='ocr_line' id='line_1_36' title="bbox 37 3390 546 3535; baseline 0.01 -17"><span class='ocrx_word' id='word_1_277' title='bbox 37 3390 294 3525; x_wconf 39' lang='lat' dir='ltr'>miflssgiffl&#39;mss.</span> <span class='ocrx_word' id='word_1_278' title='bbox 308 3474 333 3535; x_wconf 84' lang='lat' dir='ltr'>o,</span> <span class='ocrx_word' id='word_1_279' title='bbox 346 3480 392 3525; x_wconf 74' lang='lat' dir='ltr'>au.</span> <span class='ocrx_word' id='word_1_280' title='bbox 406 3477 428 3525; x_wconf 77' lang='lat' dir='ltr'>u.</span> <span class='ocrx_word' id='word_1_281' title='bbox 440 3475 500 3526; x_wconf 74' lang='lat' dir='ltr'>nuo</span> <span class='ocrx_word' id='word_1_282' title='bbox 511 3474 546 3523; x_wconf 74' lang='lat'>20.</span> 
     </span>
     <span class='ocr_line' id='line_1_37' title="bbox 67 3537 1007 3611; baseline -0.005 -21"><span class='ocrx_word' id='word_1_283' title='bbox 67 3540 89 3590; x_wconf 84' lang='grc'>3.</span> <span class='ocrx_word' id='word_1_284' title='bbox 105 3543 130 3593; x_wconf 85' lang='lat' dir='ltr'>S.</span> <span class='ocrx_word' id='word_1_285' title='bbox 143 3545 251 3611; x_wconf 72' lang='lat' dir='ltr'>llguou,</span> <span class='ocrx_word' id='word_1_286' title='bbox 267 3545 311 3594; x_wconf 90' lang='lat' dir='ltr'>lib.</span> <span class='ocrx_word' id='word_1_287' title='bbox 321 3545 350 3605; x_wconf 87' lang='grc'>3,</span> <span class='ocrx_word' id='word_1_288' title='bbox 365 3555 392 3595; x_wconf 88' lang='lat' dir='ltr'>n0</span> <span class='ocrx_word' id='word_1_289' title='bbox 404 3547 458 3596; x_wconf 66' lang='grc'>451.</span> <span class='ocrx_word' id='word_1_290' title='bbox 473 3545 578 3602; x_wconf 75' lang='lat' dir='ltr'>Settler,</span> <span class='ocrx_word' id='word_1_291' title='bbox 590 3544 619 3594; x_wconf 87' lang='lat' dir='ltr'>lu</span> <span class='ocrx_word' id='word_1_292' title='bbox 635 3545 747 3601; x_wconf 73' lang='lat' dir='ltr'>sexium,</span> <span class='ocrx_word' id='word_1_293' title='bbox 760 3557 784 3607; x_wconf 85' lang='lat' dir='ltr'>p.</span> <span class='ocrx_word' id='word_1_294' title='bbox 799 3540 830 3589; x_wconf 70' lang='lat' dir='ltr'>ll</span> <span class='ocrx_word' id='word_1_295' title='bbox 843 3537 1007 3607; x_wconf 71' lang='lat' dir='ltr'>(Ronsselol).</span> 
     </span>
    </p>
   </div>
   <div class='ocr_carea' id='block_1_5' title="bbox 67 3609 837 3748">
    <p class='ocr_par' dir='ltr' id='par_1_9' title="bbox 67 3609 837 3748">
     <span class='ocr_line' id='line_1_38' title="bbox 67 3609 597 3682; baseline 0.004 -19"><span class='ocrx_word' id='word_1_296' title='bbox 67 3609 88 3661; x_wconf 70' lang='lat' dir='ltr'>l.</span> <span class='ocrx_word' id='word_1_297' title='bbox 106 3612 154 3665; x_wconf 79' lang='lat' dir='ltr'>Ru.</span> <span class='ocrx_word' id='word_1_298' title='bbox 169 3615 218 3666; x_wconf 81' lang='lat' dir='ltr'>uu.</span> <span class='ocrx_word' id='word_1_299' title='bbox 230 3616 347 3676; x_wconf 71' lang='lat' dir='ltr'>Bonum,</span> <span class='ocrx_word' id='word_1_300' title='bbox 358 3617 504 3675; x_wconf 66' lang='lat' dir='ltr'>inuentum,</span> <span class='ocrx_word' id='word_1_301' title='bbox 519 3632 543 3682; x_wconf 89' lang='lat' dir='ltr'>p.</span> <span class='ocrx_word' id='word_1_302' title='bbox 558 3614 597 3665; x_wconf 89' lang='grc'>36.</span> 
     </span>
     <span class='ocr_line' id='line_1_39' title="bbox 67 3680 837 3748; baseline -0.008 -13"><span class='ocrx_word' id='word_1_303' title='bbox 67 3681 89 3732; x_wconf 85' lang='grc'>5.</span> <span class='ocrx_word' id='word_1_304' title='bbox 105 3683 169 3738; x_wconf 73' lang='lat' dir='ltr'>libr.</span> <span class='ocrx_word' id='word_1_305' title='bbox 182 3687 206 3748; x_wconf 81' lang='lat'>6,</span> <span class='ocrx_word' id='word_1_306' title='bbox 220 3696 247 3735; x_wconf 87' lang='lat' dir='ltr'>n⁰</span> <span class='ocrx_word' id='word_1_307' title='bbox 257 3687 328 3737; x_wconf 80' lang='lat' dir='ltr'>lom.</span> <span class='ocrx_word' id='word_1_308' title='bbox 343 3686 369 3736; x_wconf 80' lang='lat' dir='ltr'>V.</span> <span class='ocrx_word' id='word_1_309' title='bbox 381 3688 455 3738; x_wconf 78' lang='lat' dir='ltr'>eliam</span> <span class='ocrx_word' id='word_1_310' title='bbox 467 3692 579 3738; x_wconf 78' lang='lat' dir='ltr'>nostrum</span> <span class='ocrx_word' id='word_1_311' title='bbox 591 3684 717 3743; x_wconf 76' lang='lat' dir='ltr'>Manuale,</span> <span class='ocrx_word' id='word_1_312' title='bbox 731 3693 758 3732; x_wconf 82' lang='lat' dir='ltr'>u⁰</span> <span class='ocrx_word' id='word_1_313' title='bbox 768 3680 837 3731; x_wconf 76' lang='lat' dir='ltr'>meo.</span> 
     </span>
    </p>
   </div>
   <div class='ocr_carea' id='block_1_6' title="bbox 0 0 1205 4138">
    <p class='ocr_par' dir='ltr' id='par_1_10' title="bbox 0 0 1205 4138">
     <span class='ocr_line' id='line_1_40' title="bbox 0 0 1205 4138; baseline 0 0"><span class='ocrx_word' id='word_1_314' title='bbox 0 0 1205 4138; x_wconf 95' lang='lat' dir='ltr'> </span> 
     </span>
    </p>
   </div>
  </div>
 </body>
</html>
